3034 4759
1620 343 1709 411 50

621 570 768 615 eum
810 548 876 613 in
921 546 1152 631 finem,
1193 555 1267 612 ut
1306 546 1596 614 historias
1640 545 1884 614 Christi
1925 545 2207 629 vestigia
2250 539 2690 612 ostendamus.

620 668 841 748 Quare
881 668 988 732 hic
1029 669 1097 732 in
1141 688 1227 732 eo
1267 664 1697 748 subsistimus,
1742 662 1920 750 quod
1960 661 2236 730 Paulum
2275 663 2550 730 testibus
2590 686 2693 730 re-

616 786 1035 852 surrectionis
1062 784 1303 851 Christi
1326 805 1844 866 annumeramus,
1886 782 2241 868 paucisque
2281 784 2690 869 exponimus,

618 927 913 992 quaenam
957 912 1285 974 momenta
1326 903 1636 970 historica
1669 902 2106 970 testimonium
2148 902 2292 986 ejus
2318 901 2529 968 obiter
2555 924 2689 970 ser·

614 1025 887 1090 vaverit.
2689 1027 2704 1034 “

786 1142 1359 1214 Resurrectionem
1417 1141 1662 1207 Christi
1717 1141 2241 1228 frequentissime
2301 1162 2688 1210 commemo-

614 1270 718 1327 rat
757 1260 1116 1349 Apostolus
1158 1269 1232 1326 ut
1274 1261 1775 1326 suscitationem.
1861 1260 2141 1349 Ἠγέρθη
2195 1298 2281 1312 ·-·-
2335 1270 2439 1326 est
2495 1282 2686 1326 vocs*

613 1379 840 1446 bulum
883 1381 950 1443 in
993 1379 1115 1444 hac
1158 1402 1231 1444 re
1277 1401 1318 1444 a
1358 1379 1565 1446 Paulo
1610 1389 1946 1466 receptum
1991 1381 2205 1465 (Rom.
2248 1381 2311 1466 4,
2344 1381 2449 1452 25.
2516 1380 2575 1464 6,
2618 1380 2686 1444 4.

613 1500 675 1567 9.
747 1500 805 1584 7,
845 1500 909 1563 4.
976 1499 1050 1584 8,
1093 1500 1198 1565 34.
1293 1502 1325 1564 1
1374 1499 1689 1583 Gonu-5,
1746 1500 1810 1563 4.
1859 1501 1958 1568 12.
2044 1502 2087 1568 2
2147 1500 2315 1566 Tim.
2360 1501 2432 1583 2,
2487 1498 2557 1583 8)
2618 1509 2687 1570 et

495 1635 507 1641 ·
611 1622 678 1684 in
701 1620 1177 1684 resurrectione
1201 1617 1444 1683 Christi
1466 1618 1863 1685 celebranda
1872 1620 2005 1686 Dei
2025 1619 2228 1706 patris
2241 1617 2452 1704 gloria
2463 1619 2688 1704 suspie-

612 1740 771 1803 simc
835 1734 1292 1822 amplificatur:
1348 1745 1541 1822 pater
1583 1739 1753 1804 enim
1800 1748 1901 1804 est
1943 1737 1982 1806 ὅ
2035 1739 2286 1824 ἐγείρας
2333 1735 2570 1824 Ἰησοῦν
2613 1738 2686 1830 ἐκ

609 1861 858 1941 νεκρῶν
893 1855 1104 1942 (Rom.
1132 1854 1318 1938 8,11.
1363 1854 1423 1937 4,
1467 1855 1573 1919 24.
1635 1856 1733 1939 10,
1776 1856 1837 1920 9.
1901 1857 1935 1921 1
1975 1855 2128 1920 cor.
2174 1856 2234 1940 6,
2282 1856 2381 1921 14.
2455 1858 2681 1940 15,15.

613 1974 758 2040 Gal.
809 1976 874 2058 1,
923 1975 981 2042 1.
1068 1971 1238 2059 Eph.
1291 1975 1357 2057 1,
1405 1974 1503 2039 19.
1549 1975 1654 2040 20.
1739 1960 1800 2039 '2
1846 1973 1999 2039 eor.
2044 1975 2117 2058 4,
2165 1947 2375 2061 120¹),
2435 1973 2685 2065 ἤνέρθη

612 2098 886 2181 Χριστὸς
928 2094 998 2159 ἐκ
1043 2094 1282 2175 νεκρῶν
1325 2090 1437 2162 διὰ
1481 2099 1592 2179 τῆς
1634 2094 1820 2179 δόξης
1846 2096 1956 2166 toi?
1982 2091 2227 2180 πατρὸς
2270 2093 2482 2180 (Rom.
2505 2094 2566 2178 6,
2589 2094 2682 2179 4),

612 2218 685 2309 ζῇ
728 2214 801 2280 ἐκ
844 2214 1172 2296 δυνάμεως
1212 2216 1385 2282 θεοῦ
1427 2210 1496 2298 (2
1544 2211 1697 2280 Cor.
1747 2212 1853 2294 13,
1896 2211 1989 2297 4).

772 2333 1157 2424 Ἐγήγερται
1210 2369 1295 2382 --
1348 2328 1550 2396 tradit
1589 2327 1946 2416 Apostolus
2000 2368 2085 2380 -—-
2139 2338 2215 2425 τῇ
2268 2337 2455 2426 ‘olm
2476 2331 2683 2423 ἡμέρᾳ

606 2451 670 2537 (1
724 2450 877 2518 Cor.
927 2448 1027 2532 15,
1067 2447 1160 2534 4).
1251 2447 1362 2512 Sic
1406 2446 1621 2514 obiter
1664 2448 2045 2540 comprobat
2099 2472 2243 2539 quae
2286 2451 2354 2518 in
2395 2473 2683 2536 evange-

604 2570 702 2636 liis
746 2568 1088 2636 traduntur
1132 2566 1311 2632 dicta
1357 2568 1660 2655 factaque
1707 2569 1968 2653 Christi.

775 2688 1120 2774 Copiosius
1160 2685 1397 2752 deinde
1436 2698 1923 2772 commemorat,
1969 2709 2099 2780 quo
2135 2671 2678 2758 mod‘o'certiores

603 2806 759 2876 facti
823 2808 952 2872 sint
1012 2804 1311 2891 discipuli
1355 2804 1438 2869 de
1481 2807 1962 2874 resurrectione
2010 2806 2270 2876 Christi.
2357 2809 2678 2896 Loquitur

607 2926 777 2990 enim
824 2925 857 2989 1
908 2924 1062 2989 Cor.
1112 2922 1212 3007 15,
1254 2923 1423 2990 5-8
1468 2924 1553 2989 de
1598 2923 1940 3006 δπτασίαις
1994 2933 2223 3013 κυρίου.
2310 2926 2551 3016 ’.Ωφθη
2590 2965 2680 2982 -ι

603 3042 802 3112 tradit
841 3044 1201 3132 Apostolus
1246 3081 1331 3093 --
1372 3050 1590 3132 Κηφᾷ.
1677 3044 1882 3133 Cujus
1927 3046 2348 3136 apparitionis
2393 3046 2677 3112 testimo-

603 3163 779 3226 nium
822 3163 1039 3229 Lucas
1087 3184 1346 3251 quoque
1392 3163 1683 3227 servavit
1726 3163 1856 3247 (24,
1890 3163 2024 3249 34).
2098 3166 2336 3254 ’.Ωφθη
2378 3178 2507 3246 τοῖς
2547 3166 2676 3251 δῷ·

474 3337 483 3342 ,
603 3282 762 3348 δεκα
807 3320 894 3332 —-·
938 3282 1115 3368 quod
1162 3279 1631 3350 conferendum
1689 3302 1837 3348 cum
1890 3280 2199 3366 Joh.20,
2259 3283 2338 3348 19
2381 3305 2525 3371 sqq.
2590 3284 2675 3347 26

601 3420 746 3485 sqq.
831 3402 1092 3482 Ἔπειτα
1151 3437 1236 3449 --
1291 3400 1509 3488 pergit
1552 3397 1910 3486 Apostolus
1969 3400 2010 3467 l.
2054 3401 2098 3466 l.
2143 3426 2206 3468 v.
2259 3402 2306 3466 6
2348 3440 2433 3448 ——
2474 3403 2675 3490 ὤφθη

600 3519 825 3588 ἐπάνω
865 3526 1311 3597 πεντακοσίοις
1356 3518 1667 3605 ἄδελᾳωτς
1710 3519 2009 3606 ὃφοὲπαξ,
2069 3521 2139 3603 ἓξ
2177 3518 2270 3592 ὧν
2309 3521 2375 3588 οἳ
2417 3524 2677 3620 πλείους

597 3643 895 3719 μένουσιν
938 3645 1054 3719 ἕως
1099 3639 1267 3727 ἄρα,
1314 3643 1480 3717 τινὲς
1525 3640 1600 3706 δὲ
1639 3643 1748 3705 καὶ
1784 3637 2250 3728 ἐκοιμήθησαν.
2313 3639 2528 3748 Hujus
2563 3661 2672 3726 ap·

594 3873 701 3887 §nau-w

643 4024 701 4092 ¹)
742 4028 935 4081 Eodem
964 4045 1141 4096 sensu,
1169 4029 1290 4086 Ebr.
1326 4031 1408 4098 13,
1437 4034 1536 4088 2o=
1574 4032 1601 4088 ὅ
1640 4031 1944 4106 ἀναγαγών
1980 4035 2039 4091 ἐκ
2073 4036 2284 4113 νεκρῶν
2308 4038 2401 4096 τὸν
2435 4039 2670 4114 ποιμένα

738 4114 847 4166 τῶν
880 4116 1174 4190 προβάτων
1209 4114 1305 4172 τὸν
1337 4121 1537 4191 μέγαν.
