3034 4759
1641 323 1685 386 2

631 524 853 590 vocati
896 530 1072 588 sunt:
1117 530 1186 587 at
1227 520 1469 587 sactum
1515 543 1662 600 esse
1708 522 1982 607 videtur,
2028 532 2098 589 ut
2140 523 2370 588 horum
2409 525 2702 589 testimo-

630 617 882 706 niorum
924 640 1181 727 pondus
1228 661 1362 705 non
1404 641 1596 726 tanti,
1652 642 1874 728 quanti
1914 645 2217 728 meretur,
2259 640 2547 707 habitum
2588 644 2697 708 sit.

629 760 848 842 Quare
892 758 1081 825 nobis
1147 759 1555 846 propositum
1570 807 1589 844 ,
1656 759 2024 845 gravissimi
2085 759 2276 847 hujus
2343 762 2700 827 testimonii

627 880 940 965 majorem
983 879 1300 943 rationem
1353 875 1629 963 habere,
1687 887 1753 944 et
1805 877 1983 944 hisce
2040 880 2279 945 nostris
2328 880 2698 966 quaestioni-

624 998 749 1062 bus
776 996 1031 1081 clarius,
1077 1017 1268 1083 quam
1293 995 1629 1084 hucusque
1664 996 1905 1062 factum
1941 1019 2086 1063 esse
2121 1006 2440 1085 putamus,
2481 1007 2697 1063 osten-

633 1115 809 1200 dere,
857 1136 985 1203 quo
1030 1115 1171 1202 jure
1217 1115 1408 1179 etiam
1455 1114 1539 1179 de
1583 1115 1875 1203 epistolis
1922 1117 2079 1181 novi
2110 1116 2481 1181 testamenti
2522 1116 2696 1182 affir-

624 1234 787 1299 mari
827 1235 1052 1321 possit,
1099 1255 1211 1328 eas
1257 1254 1403 1298 esse
1450 1233 1793 1319 evangelia
1805 1232 1879 1320 ¹),
1926 1233 2009 1298 de
2052 1235 2189 1300 vita
2228 1232 2471 1301 Christi
2511 1236 2694 1300 testi-

621 1352 840 1416 monia
903 1350 1230 1417 historica.
1338 1349 1591 1416 Placuit
1632 1372 1823 1435 vero,
1904 1361 1976 1417 ut
2038 1353 2403 1417 accuratius
2470 1354 2689 1418 omnia

625 1478 1132 1557 exponerentur,
1150 1538 1154 1542 ,
1174 1471 1475 1559 sepositis
1518 1469 1787 1558 reliquis
1840 1471 1997 1536 novi
2052 1469 2337 1535 foederis
2383 1470 2695 1557 epistolis,

623 1586 747 1653 hoc
801 1588 946 1653 loco
1003 1598 1251 1656 tantum
1310 1588 1599 1677 epistolis
1655 1588 1943 1655 Paulinis
2012 1588 2521 1676 disquisitionem
2577 1611 2693 1653 no-

625 1717 824 1771 stram
870 1717 1340 1794 superstruere,
1386 1709 1611 1795 eisque
1658 1706 1944 1773 fontibus
1993 1706 2389 1793 evangelicis
2434 1708 2523 1772 uti
2535 1707 2612 1793 ⁹).

1586 1909 1731 1991 §2

792 2061 1091 2129 Difficile.
1130 2083 1262 2126 non
1320 2069 1448 2145 est,
1514 2060 1665 2127 huic
1725 2063 2045 2128 conamini
2105 2071 2170 2130 et
2226 2064 2329 2146 ius
2390 2083 2575 2128 suum
2623 2071 2692 2129 et

615 2183 864 2269 justum
906 2180 1119 2246 locum
1163 2188 1357 2267 atque
1400 2182 1681 2266 pretium
1723 2181 2079 2247 vindicare.
2170 2180 2337 2245 Nam
2388 2200 2516 2267 quo
2559 2201 2691 2248 ma-

623 2303 725 2387 gis
770 2300 1130 2388 disputatur
1175 2298 1258 2363 de
1305 2298 1790 2384 evangeliorum
1836 2300 2121 2386 origine,
2164 2297 2382 2363 indole
2430 2308 2495 2364 et
2536 2298 2690 2383 fide,

624 2439 704 2483 eo
748 2418 1013 2504 majoris
1066 2419 1406 2501 momenti,
1460 2425 1701 2504 praeter
1755 2417 2100 2504 evangelia
2155 2416 2430 2483 alterum
2475 2425 2687 2481 osten-

624 2535 782 2600 dere
838 2535 1119 2600 historiae
1170 2533 1411 2600 Christi
1464 2533 1710 2599 fontem
1769 2537 2038 2622 ejusque
2084 2513 2371 2600 indolem
2430 2535 2690 2623 penitus

625 2674 1046 2739 cognoscere.
1134 2652 1424 2738 Accidit,
1484 2652 1661 2741 quod
1703 2676 1977 2719 necesse
2023 2663 2124 2719 est
2164 2653 2504 2739 fateamur,
2557 2674 2691 2719 non

622 2792 769 2837 esse
815 2770 1345 2857 exspectandum,
1388 2772 1455 2834 in
1501 2772 1969 2858 quaestionibus
2008 2772 2417 2866 evangelicis·
2445 2772 2692 2837 dissen-

623 2911 765 2955 sum
817 2887 1268 2973 theologorum
1323 2887 1498 2953 facili
1558 2911 1759 2979 opera
1819 2892 2244 2983 compositum
2306 2891 2406 2955 iri.
2510 2890 2690 2956 Inest

586 3009 817 3092 ,enim·
847 3008 1005 3094 ipsis
1050 3008 1406 3095 evangeliis
1451 3008 1792 3097 multiplex
1851 3009 2187 3075 dubitandi
2245 3018 2311 3074 et
2354 3006 2690 3095 quaerendi

622 3135 689 3190 et
758 3125 1148 3212 conjiciendi
1214 3128 1521 3192 materies
1594 3136 1792 3215 atque
1857 3128 2086 3193 fomes.
2188 3125 2515 3211 Sufficiat,
2583 3124 2689 3189 hic

618 3242 824 3309 verbo
882 3251 1128 3308 tantum
1183 3243 1472 3311 indicare
1487 3294 1504 3329 ‚
1565 3254 1723 3332 quot
1775 3243 2263 3314 difficultatibus
2321 3243 2552 3314 obruta
2604 3245 2688 3310 sit

666 3514 716 3583 Ι)
749 3515 793 3570 J.
826 3517 879 3570 P.
911 3517 1147 3587 Lange,
1193 3516 1287 3570 das
1312 3514 1489 3571 Leben
1515 3516 1655 3570 lesu.
1705 3520 1841 3571 later
1871 3516 1962 3571 Bd.
1992 3534 2041 3587 p.
2072 3517 2166 3572 812
2196 3518 2373 3586 „Auch
2401 3518 2487 3572 die
2513 3518 2714 3584 Briau,

752 3603 845 3655 des
872 3602 932 3654 N.
964 3601 1184 3656 ’restam
1225 3603 1339 3655 sind
1364 3601 1743 3669 Evangelien.”
1863 3646 1870 3653 .

659 3680 709 3748 ς9)
745 3685 898 3740 Initia
924 3686 1105 3739 harum
1134 3690 1474 3757 questionum
1501 3687 1750 3740 exhibent
1776 3686 2066 3740 ‘l'holuck
2093 3686 2142 3739 d.
2174 3687 2599 3756 Glaubwfirdigh.
2632 3688 2681 3743 d.

755 3786 944 3838 evang.
968 3770 1155 3824 Gesch.
1177 3789 1226 3840 p.
1241 3772 1340 3825 372
1358 3773 1410 3824 ff.
1449 3771 1540 3824 ΕΙ»
1555 3787 1620 3824 ru
1635 3770 1704 3823 νᾶ
1724 3772 2130 3826 wissenschnm.
2144 3772 2307 3826 Kritik
2330 3773 2379 3826 d.
2396 3789 2477 3827 ev.
2494 3774 2679 3827 Geuch.

753 3857 823 3909 2t.
855 3856 945 3909 Th.
976 3874 1025 3925 p.
1054 3857 1157 3910 870
1181 3857 1234 3908 ff.
1303 3856 1558 3909 Dorner
1594 3856 1642 3908 d.
1685 3855 1851 3910 Lehre
1888 3873 1996 3911 von
2023 3856 2073 3909 d.
2105 3857 2304 3912 Person
2342 3858 2545 3913 Christi.
2584 3858 2680 3912 ist.

755 3939 846 3992 Th.
877 3958 924 4008 p.
955 3944 1037 3992 79.
1111 3942 1168 3994 Η.
1200 3942 1281 3993 W.
1311 3939 1628 3994 Thiersch
1655 3942 1888 3995 Vei-such
1916 3960 1960 3994 z.
1993 3943 2320 4011 Heu-stellung
2345 3943 2440 3996 des
2467 3942 2679 4012 histori-

748 4023 915 4161 gcghzn
971 4024 1322 4094 Standpunkts
1376 4026 1458 4079 sm·
1513 4025 1563 4078 d.
1624 4026 1783 4079 Kritik
1843 4027 1890 4080 d.
1950 4036 2256 4082 neutestam.
2309 4025 2570 4080 Schriften
2629 4043 2677 4093 p.
