3034 4759
1559 292 1647 362 28

420 491 427 498 ’
476 561 491 567 ,
568 495 863 562 ecclesiae
919 492 1280 560 christianae
1336 494 1630 581 primitiis
1686 516 1817 559 non
1879 495 2017 559 sine
2074 495 2368 560 veritatis
2413 497 2633 583 specie

569 613 853 680 adscribi
893 633 1091 700 posse
1137 612 1459 679 videntur.
1518 612 1764 679 Verum
1801 614 1967 699 ‘ipsis
2014 612 2431 699 epistolarum
2474 589 2635 679 locis
2739 659 2752 668 κ

566 732 724 797 nihil
762 733 964 815 inest,
1034 730 1212 817 quod
1254 730 1367 796 ulli
1410 754 1668 817 eorum,
1724 752 1888 819 quos
1930 729 2286 817 Apostolus
2329 733 2636 818 nominat,

566 853 733 918 hauc
767 850 1162 938 singularem
1203 850 1588 937 dignitatem
1626 849 2115 918 concedendam
2159 871 2304 915 esse
2340 851 2632 917 suadeat.

567 973 780 1053 Quam
834 971 918 1036 ob
973 992 1111 1036 rem
1171 969 1433 1035 difficile
1489 981 1592 1036 est
1647 968 1898 1052 dicere,
1966 977 2283 1057 quatenus
2337 968 2506 1034 fides
2552 970 2635 1035 sit

564 1091 870 1157 habenda
908 1091 988 1155 iis
1032 1087 1490 1154 traditionibus
1537 1087 1812 1171 (Euseb.
1858 1088 2002 1156 hist.
2050 1087 2209 1153 eccl.
2258 1090 2313 1172 1,
2353 1090 2453 1154 12.
2498 1088 2633 1174 aL),

566 1233 711 1297 quae
754 1211 822 1274 in
866 1207 1158 1296 epistolis
1201 1206 1489 1282 Paulinis
1537 1209 1681 1293 ejus
1723 1206 1902 1274 modi
1942 1207 2106 1276 Jesu
2148 1205 2499 1293 discipulos
2541 1207 2631 1272 in-

566 1330 876 1415 digitent,
921 1328 1279 1414 praesertim
1327 1349 1524 1413 quum
1569 1347 1793 1394 earum
1845 1325 2168 1398 nonnullae
2213 1326 2342 1392 sint
2381 1325 2630 1416 absque

566 1437 764 1506 dubio
808 1439 1011 1512 falsae.
1101 1446 1304 1533 Cujus
1353 1445 1618 1531 generis
1679 1453 1780 1510 est
1823 1453 2254 1528 commentum
2310 1444 2393 1510 de
2436 1451 2632 1533 Κηφᾷ·

564 1557 900 1648 discipulo,
943 1585 1076 1631 non
1117 1564 1435 1652 Apostolo
1481 1564 1743 1631 Christi.

734 1682 809 1744 In
867 1686 1156 1749 oratione
1210 1684 1430 1767 Pauli,
1503 1706 1649 1771 quae
1703 1704 1845 1768 cap.
1896 1684 1975 1748 13
2018 1682 2166 1748 Act.
2209 1682 2381 1769 App.
2439 1681 2629 1748 nobis

560 1799 797 1865 tradita
850 1810 978 1885 est,
1031 1801 1353 1888 Apostoli.
1387 1839 1469 1852 -
1516 1802 1657 1867 sive
1715 1800 2013 1888 discipuli
2053 1801 2217 1870 Jesu
2262 1801 2627 1868 in-uuiver-

560 1943 697 1985 sum
743 1955 831 1969 --
871 1944 935 1986 v.
993 1922 1070 1986 31
1122 1919 1576 1987 describuntur
1634 1930 1705 1988 ut
1747 1923 2227 2006 συνανάβαντες
2280 1919 2452 2011 affui?
2492 1920 2626 1990 ἇπὸ

557 2041 670 2129 τῆς
698 2044 1053 2122 Γαλιλαίας
1095 2044 1185 2120 εἰς
1216 2040 1643 2129 Ἰερουσαλῄιι,
1690 2039 1923 2127 quibus
1968 2041 2190 2108 verbis
2224 2038 2625 2108 brevissimis

555 2162 790 2228 itinera
820 2161 1105 2245 Domini,
1150 2160 1421 2247 ejusque
1469 2168 1536 2225 et
1578 2158 2037 2246 discipulorum
2082 2159 2223 2246 ejus
2264 2181 2410 2226 cum
2452 2158 2625 2226 Gali-

555 2280 681 2346 laea
721 2302 932 2345 nexus
976 2275 1320 2364 singularis
1367 2278 1579 2346 obiter
1624 2275 2024 2364 indigitatur.

723 2398 981 2464 Eodem
1034 2396 1179 2461 loco
1222 2397 1443 2462 insunt
1486 2418 1777 2485 quoque,
1834 2419 1978 2484 quae
2014 2396 2204 2464 Pauli
2246 2398 2617 2490 testimonio

556 2540 641 2584 ea
682 2515 1126 2604 comprobant,
1171 2514 1255 2580 de
1302 2516 1536 2601 quibus
1573 2517 1643 2582 in
1662 2517 1858 2582 initiis
1895 2516 2384 2602 evangeliorum
2407 2539 2622 2583 sermo

555 2646 676 2721 est,
716 2637 759 2702 J
763 2637 991 2702 oannis
1024 2635 1325 2702 nimirum
1347 2634 1660 2722 Baptistae
1703 2657 1934 2701 munus
1969 2645 2168 2722 atque
2204 2636 2621 2722 praeconium.

552 2749 857 2821 Refertur
898 2754 990 2819 ibi
1048 2754 1139 2838 (v.
1195 2752 1308 2838 24)
1365 2752 1450 2820 ad
1505 2753 1549 2818 J
1554 2774 1831 2819 oannem
1881 2758 2215 2841 βάπτισμα
2266 2762 2614 2840 μετανοίας

555 2873 730 2962 (coll.
774 2873 922 2938 Act.
972 2871 1082 2955 19,
1125 2870 1187 2935 4.
1268 2870 1428 2936 Luc.
1474 2871 1550 2955 3,
1592 2871 1654 2937 3.
1727 2872 1889 2940 Mrc.
1941 2874 2006 2957 1,
2063 2873 2134 2959 4)
2180 2882 2248 2953 et
2290 2872 2477 2939 simul
2520 2895 2620 2939 re-

554 2992 822 3079 spicitur
865 2991 949 3056 ad
995 2989 1488 3082 celeberrimam
1533 2991 1673 3077 ejus
1720 2990 1802 3056 de
1842 2992 2101 3058 Christo
2145 2991 2621 3078 professionem

551 3111 777 3177 verbis
820 3111 1154 3177 commatis
1209 3110 1395 3178 25m·:
1461 3109 1545 3189 ὥς
1601 3112 1673 3179 δὲ
1727 3112 2002 3200 ἐπλήρου
2066 3110 2107 3179 ὅ
2164 3110 2453 3196 Ἰωάννης
2508 3112 2621 3179 τὸν

554 3232 813 3315 δρόμον,
859 3232 1056 3313 ἔλεγε·
1083 3236 1225 3301 τίνα
1245 3255 1328 3317 με
1353 3229 1684 3298 &novusne
1711 3232 1912 3313 εἷναις
1968 3228 2077 3299 οὐκ
2121 3233 2249 3316 εἶμι
2295 3228 2434 3314 ἐγώ,
2480 3230 2624 3299 ἀλλ’

552 3346 726 3427 ἴδοι),
795 3350 1041 3435 ἔρχεται
1092 3348 1227 3435 μετ’
1268 3348 1415 3435 ἐμὲ,
1484 3344 1561 3419 οὗ
1615 3346 1724 3418 οὔκ
1780 3352 1905 3435 εἰμὶ
1958 3353 2138 3432 ἄξιος
2193 3350 2262 3417 τὸ
2317 3349 2618 3438 ὖπόδημα

536 3472 676 3537 τῶν
716 3469 938 3537 ποδῶν
980 3472 1167 3540 λῦσαι
1208 3505 1296 3516 -
1340 3466 1726 3555 quibuscum
1774 3467 2174 3534 conferenda
2214 3468 2361 3535 Act.
2412 3470 2510 3553 19,
2552 3468 2616 3533 4.

548 3588 710 3651 Mrc.
759 3587 816 3671 1,
862 3585 921 3683 7.
1010 3587 1168 3652 Luc.
1214 3588 1274 3671 3,
1329 3587 1425 3652 16.
1513 3586 1661 3652 Joh.
1712 3588 1767 3670 1,
1811 3586 1915 3651 20.
1959 3586 2062 3651 27.

1488 3792 1529 3870 ἓ
1579 3788 1676 3853 14.

680 4017 695 4022 Q
720 3941 915 4027 Quod
959 3942 1189 4008 attinet
1242 3940 1328 4007 ad
1381 3937 1693 4008 miracula
1738 3940 2008 4040 Christi,
2066 3949 2347 4025 constat,
2407 3941 2493 4005 ad
2538 3963 2619 4006 ea
