3034 4759
1626 323 1709 389 48

614 532 1012 592 mortuorum
1059 526 1474 592 consortium.
1591 525 1729 591 Sed
1773 525 1873 591 de·
1897 525 2025 592 hoe
2071 524 2314 591 Christi
2357 523 2682 592 descensu

616 643 702 707 ad
744 643 984 708 inferos
1026 665 1161 708 non
1217 643 1475 709 disertis
1518 642 1741 710 verbis
1800 645 2103 731 loquutus
2148 653 2250 709 est
2289 642 2680 730 Apostolus:

615 772 764 827 sunt
819 760 1112 849 quidem,
1189 784 1335 848 quae
1390 785 1537 828 eum
1594 763 1940 848 indigitare
2004 763 2378 846 videantur,
2451 784 2678 827 verum

617 881 773 948 nihil
815 881 1141 948 invenitur
1181 881 1249 948 in
1284 880 1472 945 Pauli
1516 881 1806 968 epistolis
1848 880 2025 968 quod
2068 903 2213 946 cum
2259 881 2548 947 evidenti
2589 891 2683 946 te·

618 1000 916 1066 stimonio
961 999 1225 1064 Petrino
1273 998 1356 1064 de
1403 998 1726 1066 descensu
1760 999 2004 1066 Christi
2047 1001 2409 1087 comparari
2450 1001 2681 1086 possit.

615 1120 705 1186 At
749 1119 886 1183 sine
943 1116 1140 1183 dubio
1184 1117 1566 1204 indigitatur
1610 1119 1712 1184 hic
1758 1120 2111 1186 descensus
2126 1163 2160 1204 ‚·
2202 1118 2463 1206 quando
2507 1120 2686 1205 Apo·

616 1238 818 1304 stolus
862 1238 1047 1303 Rom.
1101 1236 1210 1321 10,
1269 1237 1305 1300 7
1322 1285 1341 1321 ,
1408 1246 1481 1302 ut
1527 1237 1822 1306 Christus
1878 1260 1915 1303 e
1958 1240 2229 1308 mortuis
2276 1237 2684 1323 educeretur,

618 1357 1002 1424 descensum
1058 1358 1149 1435 εἷς
1204 1355 1317 1442 τὴν
1360 1357 1640 1442 ἄβυσσον
1687 1346 1840 1442 (cfr.
1883 1357 2044 1423 Luc.
2092 1359 2161 1441 8,
2219 1358 2322 1422 31.
2369 1357 2576 1443 Apoc.
2622 1358 2683 1442 9,

621 1476 677 1541 1.
706 1476 814 1562 11)
837 1476 1137 1563 postulat.
1204 1476 1354 1541 Non
1396 1477 1523 1540 nisi
1565 1477 1637 1543 ἐν
1681 1484 1756 1571 τῇ
1801 1475 2056 1567 οἷβῦσσῳ
2103 1477 2377 1562 cogitari
2409 1485 2685 1562 possunt

529 1583 535 1589 ¹
619 1597 874 1664 mortui.
961 1593 1266 1661 Eundem
1310 1593 1700 1660 descensum
1745 1596 1939 1661 etiam
1977 1594 2150 1681 Eph.
2195 1596 2256 1680 4,
2289 1597 2349 1661 9.
2394 1595 2474 1660 10
2513 1616 2689 1659 com-

624 1713 1000 1796 memorari,
1057 1712 1323 1779 dubium
1367 1713 1644 1781 videtur.
1752 1713 2119 1779 Fatendum
2163 1713 2453 1800 quidem,
2511 1713 2686 1800 quod

621 1833 990 1899 Olshausen
1034 1829 1120 1898 ad
1164 1830 1227 1896 h.
1274 1831 1316 1897 l.
1355 1830 1702 1917 diligenter
1748 1833 2082 1919 exposuit,
2139 1832 2491 1929 secundnm
2538 1854 2688 1897 ana-

621 1954 863 2039 logiam
908 1952 1209 2017 dictionis
1263 1950 1894 2037 septuagintaviralis
1938 1950 2017 2019 τὰ
2059 1955 2384 2038 κατύπερθέ
2429 1956 2530 2041 τῆς
2573 1959 2690 2040 γῆς

620 2074 917 2159 proxime
962 2069 1278 2136 accedere
1324 2068 1409 2135 ad
1451 2069 1886 2138 Hebraeorum
1929 2078 2070 2168 γ’ἱζς
2105 2072 2354 2167 fli'ssm
2398 2071 2546 2156 (Ps.·
2584 2071 2687 2154 63,

625 2193 734 2257 10:
791 2195 872 2258 τά
916 2193 1248 2258 κατώτατα
1290 2196 1399 2276 τῆς
1440 2189 1585 2276 γῆς)
1631 2190 1770 2256 sive
1824 2191 2067 2283 mm?
2104 2197 2243 2290 vj&
2281 2190 2552 2276 (Ezech.
2585 2189 2690 2273 26,

625 2311 741 2376 20:
798 2313 987 2395 βάθη
1031 2316 1139 2396 τῆς
1182 2309 1328 2395 γῆς)
1370 2308 1653 2394 ideoque
1703 2309 1806 2373 de·
1830 2310 2054 2376 inferis
2103 2309 2416 2397 explicari
2459 2329 2687 2396 posse:

621 2445 833 2514 neque
862 2427 1028 2492 adeo
1053 2424 1304 2491 absona
1325 2434 1425 2490 est
1454 2425 1646 2518 liujus
1678 2427 1763 2491 ad
1796 2428 2039 2494 inferos
2066 2430 2423 2495 descensus
2445 2430 2687 2493 mentio

621 2570 662 2611 a
701 2553 1010 2612 contextu
1052 2544 1221 2609 illius
1254 2543 1400 2629 loci,
1444 2554 1516 2610 ut
1561 2567 1640 2610 eo
1678 2545 2164 2615 excluderetur:
2200 2570 2454 2614 verum¹
2475 2546 2558 2611 ab
2602 2546 2689 2611 al·

624 2676 769 2732 tera
809 2675 994 2752 parte
1041 2663 1347 2746 analogia
1389 2664 1690 2730 dictionis
1735 2666 2371 2752 septuagintaviralis
2413 2688 2546 2732 non
2592 2675 2692 2731 est

625 2783 922 2850 omnibus
975 2783 1261 2848 numeris
1318 2783 1642 2868 perfecta,
1713 2794 1780 2850 et
1832 2785 1986 2852 licet
2037 2784 2394 2851 inferorum
2448 2785 2688 2852 mentio

503 2972 508 2978 ,
623 2903 873 2988 injungi
915 2902 1123 2989 possit
1158 2902 1497 2968 ‚contextui
1544 2940 1623 2954 -
1667 2902 1847 2988 quod
1900 2924 2036 2967 non
2090 2903 2228 2968 sine
2283 2904 2426 2972 veri
2471 2904 2690 2989 speeie

622 3022 819 3088 etiam
861 3019 1082 3085 verbis
1125 3020 1289 3085 Phil.
1335 3021 1408 3105 2,
1458 3021 1539 3085 10
1584 3020 2075 3105 defenderetur,
2121 3044 2320 3109 quum
2364 3021 2690 3087 Christum

625 3139 1030 3206 confessione
1086 3139 1211 3207 τῶν
1267 3146 1722 3223 καταχθυνίων
1775 3140 2173 3206 celebratum
2236 3142 2315 3206 iri
2378 3139 2693 3228 praedicet

624 3256 978 3343 Apostolus
1004 3294 1085 3307 --
1107 3266 1325 3324 tamen
1369 3256 1848 3344 praeferendum
1894 3281 2039 3325 esse
2086 3260 2468 3346 judicamus,
2515 3258 2690 3346 quod

626 3377 853 3442 attinet
906 3376 990 3441 ad
1045 3376 1224 3440 illum
1266 3376 1480 3442 locum
1524 3377 1956 3464 Ephesinum,
2032 3377 2384 3443 subsistere
2430 3378 2499 3440 in
2540 3376 2692 3440 idea

626 3495 982 3561 descensus
1025 3496 1093 3558 in
1132 3496 1530 3580 universum,
1575 3496 1743 3560 adeo
1790 3497 2052 3583 quidem
2096 3496 2307 3583 ample
2354 3505 2690 3581 concepta,

626 3623 697 3681 ut
742 3612 1095 3680 descensus
1141 3611 1225 3678 ad
1279 3609 1522 3680 inferos
1580 3637 1712 3681 nou
1759 3614 2173 3700 excludatur,
2238 3614 2429 3701 hujus
2471 3622 2691 3678 autem

629 3733 984 3799 descensus
1027 3741 1101 3797 ut
1139 3733 1237 3797 rei
1279 3734 1344 3797 in
1389 3732 1565 3802 facto
1621 3736 1848 3821 positae
1905 3756 2037 3802 non
2096 3733 2427 3820 expressis
2470 3731 2690 3797 verbis

627 3854 868 3917 mentio
910 3852 1043 3916 fiat.
1130 3849 1425 3935 Accedit,
1470 3851 1648 3938 quod
1684 3874 1830 3917 cum
1865 3843 2137 3919 Winero
2164 3850 2598 3938 (Grammatik
2627 3849 2689 3915 d.

629 3980 902 4035 neutest.
946 3969 1428 4062 Sprachidioms
1472 3971 1559 4035 3t.
1584 3970 1754 4035 Aufl.
1800 3994 1863 4059 p.
1881 3951 2042 4056 301)
2088 3968 2519 4049 statuendum,
2567 3968 2693 4034 Ge-

628 4090 893 4154 nitivum
949 4089 1369 4175 appositionis
1427 4087 1490 4153 h.
1547 4089 1589 4153 l.
1652 4091 1889 4177 optime
1947 4089 2196 4158 admitti
2250 4109 2444 4174 posse
2513 4075 2687 4171 (coll.
