3034 4759
1216 375 1219 378 “
1337 353 1420 418 43

342 567 474 621 tum
542 557 625 620 sit
689 556 953 621 Domini
1007 559 1240 648 nostri:
1309 578 1523 642 neque
1570 565 1697 639 est,
1755 553 1931 640 quod
1984 575 2111 617 non
2171 562 2408 619 stama-

342 698 505 757 mus,
550 674 823 739 Paulum
868 674 1254 764 Apostolum
1297 675 1410 739 illa
1452 674 1579 738 sibi
1622 673 1842 739 oblata
1884 672 2226 737 oeeasione
2277 672 2412 738 lau-

347 794 540 859 dasse
585 794 725 859 haee
750 793 991 859 Christi
1032 794 1271 859 verba:
1318 794 1438 859 sed
1481 817 1567 860 ne
1611 794 2105 858 commiseeatur
2146 789 2410 855 traditio

342 914 544 999 ipsius
598 912 786 977 Pauli
831 935 977 978 eum
1034 935 1132 998 ea,
1186 935 1331 1000 quse
1389 915 1451 978 ei
1505 914 1588 979 ab
1635 913 1774 977 aliis
1820 910 2240 993 adscribitur,
2304 932 2415 974 ne·

347 1051 533 1096 cesse
588 1041 716 1115 est,
763 1053 906 1118 quse
950 1032 1163 1097 Lueas
1206 1032 1580 1116 tradiderit,
1625 1004 1728 1097 hie
1771 1029 2215 1098 tantummodo
2260 1027 2415 1093 addi

349 1150 780 1237 supplementi
835 1151 1072 1234 instar,
1138 1149 1295 1216 lieet
1348 1150 1539 1238 hujus
1596 1151 2027 1239 supplementi
2083 1149 2247 1214 fides
2301 1149 2416 1213 vix

230 1309 237 1322 ‹
349 1270 627 1337 dieenda
670 1271 755 1334 sit
797 1267 1013 1333 dubia.
1090 1269 1253 1334 Haee
1294 1270 1490 1335 Lueee
1534 1270 1793 1336 traditio
1840 1268 2219 1334 ostenderet
2263 1289 2417 1354 quo-

349 1412 495 1475 que,
543 1388 868 1475 quomedo
892 1409 1013 1475 per
1035 1387 1222 1453 Pauli
1262 1389 1697 1455 testimonium
1740 1398 2094 1474 augeretur
2139 1386 2416 1451 ambitus

348 1508 700 1573 verborum
746 1506 1004 1591 Christi,
1056 1530 1199 1594 quae
1246 1509 1594 1593 evangelia
1636 1517 1998 1573 servarunt.

523 1629 687 1708 Quae
731 1649 819 1691 ex
863 1627 1138 1713 epistola
1176 1628 1266 1693 ad
1308 1627 1586 1693 Ebraeos
1633 1628 1851 1692 afferri
1882 1635 2153 1713 possent
2186 1624 2418 1689 verbo-

349 1767 491 1812 rum
537 1756 603 1811 et
647 1765 1015 1810 sermonum
1065 1746 1308 1812 Christi
1350 1749 1634 1832 vestigia
1671 1749 1773 1832 (ut
1813 1745 1974 1811 Ebr.
2017 1746 2113 1829 10,
2159 1745 2264 1810 29.
2321 1742 2420 1825 12,

351 1866 454 1931 24.
516 1868 612 1949 13,
656 1866 761 1928 20.
819 1867 878 1950 9,
929 1867 1027 1949 14,
1077 1866 1157 1931 15
1201 1866 1345 1931 eoll.
1392 1866 1552 1931 Mth.
1597 1867 1701 1949 26,
1745 1865 1836 1931 28
1869 1864 2034 1929 loeo.
2081 1861 2308 1951 parali.
2334 1895 2420 1912 ·-·-

352 1984 511 2058 Ebr.
563 1985 660 2068 10,
705 1984 789 2047 34
833 1984 978 2049 coll.
1024 1986 1183 2049 Mth.
1231 1986 1290 2069 6,
1330 1987 1438 2049 20.
1484 2023 1571 2036 -ψ
1622 1983 1783 2048 Ebr.
1837 1983 1936 2065 11,
1983 1982 2019 2045 7
2068 1981 2213 2046 eell.
2259 1980 2419 2045 Mth.

360 2105 464 2185 12,
506 2102 612 2166 41.
654 2101 761 2166 42.
808 2141 893 2151 --
935 2103 1097 2168 Ebr,
1148 2106 1253 2188 13,
1297 2103 1383 2167 20
1425 2103 1572 2167 coll.
1618 2102 1766 2167 Joh.
1818 2103 1927 2184 10,
1976 2100 2115 2184 11),
2172 2098 2425 2164 leiriora

353 2221 673 2305 videntur,
720 2244 914 2307 quam
961 2223 1251 2308 quse-hie
1295 2223 1359 2286 in
1406 2241 1676 2287 censum
1720 2221 1947 2286 venire
1992 2219 2262 2305 possint.

1299 2430 1338 2507 g
1388 2425 1487 2490 17.

531 2580 771 2667 Operae
824 2581 1105 2667 pretium
1148 2578 1338 2643 nobis
1381 2571 1595 2643 visum
1640 2586 1757 2661 est,
1801 2599 1842 2640 a
1882 2576 2151 2662 reliquis
2194 2573 2427 2638 verbo·

358 2721 499 2763 rum
539 2699 807 2765 Domini
849 2699 1233 2763 testimoniis
1279 2718 1360 2761 ea
1404 2696 1825 2781 distinguere,
1869 2715 2015 2783 quse
2064 2696 2096 2758 1
2140 2692 2292 2758 Cor.
2330 2693 2426 2775 1-1,

357 2819 550 2883 23-25
595 2816 1250 2904 comprehenduntur,
1299 2817 1451 2903 quia
1495 2837 1722 2881 eorum
1764 2813 2109 2900 singularis
2148 2819 2250 2876 est
2282 2810 2427 2874 eha-

359 2947 574 3002 raeter
587 2986 604 3021 ,
663 2938 872 3023 iisque
921 2936 1276 3024 Apostolus
1337 2935 1423 3000 ad
1483 2934 2031 3021 evangelistarum
2074 2927 2428 2998 similitudi-

359 3078 510 3120 nem
569 3057 835 3142 propius
895 3057 1252 3120 accessisse
1313 3054 1593 3119 videtur.
1681 3053 1832 3118 Non
1875 3052 2079 3133 enim,
2136 3057 2207 3113 ut
2250 3048 2429 3130 alias,

364 3175 575 3239 obiter
617 3184 865 3239 tantum
908 3176 1176 3262 respicit
1233 3173 1320 3238 ad
1377 3195 1486 3258 ea,
1547 3195 1710 3261 quae-
1742 3170 2104 3236 traditionis
2149 3188 2403 3250 evange
2449 3195 2458 3206 -

360 3292 501 3357 lieae
546 3314 693 3357 esse
736 3294 1077 3379 videntur,
1135 3294 1256 3387 sed
1296 3294 1634 3380 expressis
1685 3289 1910 3356 verbis
1968 3287 2052 3352 ad
2095 3287 2264 3352 hane
2306 3294 2431 3349 tra-

365 3412 675 3478 ditionem
731 3422 1047 3499 provoeat
1103 3432 1375 3499 eamque
1430 3413 1574 3498 ipse
1632 3410 1836 3475 refert
1878 3404 2297 3490 evangelistae
2339 3404 2431 3466 in-

365 3541 516 3596 star.
619 3531 1031 3596 Describitur
1087 3530 1169 3595 ab
1226 3529 1544 3617 Apostolo
1609 3527 1867 3593 traditio
1925 3534 1998 3589 ut
2048 3524 2434 3608 παράληψις

365 3660 431 3714 et
464 3651 856 3733 παράδοσιςε
902 3651 1284 3735 παρέλαβον
1311 3684 1388 3695 -—·
1413 3648 1622 3734 inquit
1642 3687 1725 3694 ——
1752 3645 1885 3714 οἷπὸ
1911 3644 2028 3714 τοῦ
2045 3648 2257 3727 κυρίου
2270 3640 2323 3724 1)
2350 3678 2432 3688 —·

410 3975 460 4042 ¹)
501 3977 630 4041 Quae
660 3974 822 4027 verba
844 3972 1105 4041 quomodo
1125 3974 1227 4025 sint
1246 3972 1650 4039 interpretanda,
1680 3987 1773 4022 nos
1794 3970 1949 4022 docet
1970 3967 2104 4019 Win
2122 3981 2189 4017 er
2214 3963 2432 4030 (Gram-

500 4070 622 4114 mat.
651 4060 701 4112 d.
730 4058 1146 4112 neutestnmentl.
1179 4058 1586 4125 Spraehidioms.
1626 4055 1693 4106 3t.
1724 4052 1855 4106 Aufl.
1894 4069 1944 4121 p.
1979 4052 2078 4104 317
2105 4050 2219 4117 ff.):
2262 4050 2434 4115 „dmg

499 4147 823 4220 Prepesition
865 4145 957 4198 des
984 4142 1390 4214 Herkommens,
1440 4140 1791 4208 HernuhrenS,
1831 4139 1922 4191 des
1962 4137 2251 4206 Urhebers,
2300 4136 2435 4190 doch
