3034 4759
1611 328 1697 393 34

618 532 992 619 εὕρᾰμενος)
1005 583 1023 617 ,
1082 534 1166 598 sit
1205 530 1247 619 ἢ
1290 534 1623 617 περισσεία
1674 534 1783 615 τῆς
1822 531 2075 613 χάριτος
2116 532 2228 594 καὶ
2284 531 2391 614 τῆς
2444 529 2695 612 δωρεᾶς

615 643 724 740 τῆς
767 653 1164 737 δικαιοσύνης
1207 651 1422 736 (Rom.
1467 649 1530 732 5,
1579 646 1706 733 17).
1798 646 1909 711 Sic.
1950 645 2247 711 Christus
2293 654 2396 710 est
2436 642 2473 713 ὅ
2514 651 2689 730 μεσί-

616 797 715 859 ιης
759 774 926 841 θεοῦ
967 775 1076 837 καὶ
1119 768 1524 853 ἀνθρώπων,
1579 786 1793 851 neque
1847 773 2090 851 proeter
2146 786 2294 830 eum
2338 763 2503 828 alius
2548 764 2688 848 (εἷς,

615 891 647 954 1
705 890 872 953 Tim.
929 891 1003 972 2,
1059 887 1160 972 5):
1209 885 1384 951 solus
1429 895 1531 951 est
1572 884 1609 953 ὅ
1675 890 1959 970 μεσίτης,
2027 883 2330 969 idemque
2401 884 2688 947 omnium

613 1008 677 1093 (1
725 1008 894 1072 Tim.
946 1009 1013 1089 1,
1068 1005 1131 1070 4.
1175 1005 1238 1069 5.
1318 1008 1358 1069 2
1415 1004 1568 1070 Cor.
1615 1004 1687 1088 5,
1744 1002 1867 1088 15).
1970 1001 2081 1067 Sic
2138 1000 2434 1066 Christus
2493 1010 2596 1066 est
2649 1000 2690 1091 ἢ

499 1127 509 1134 ·
610 1128 864 1213 κεφαλή
905 1123 1102 1214 (Eph.
1153 1124 1208 1208 1,
1251 1124 1355 1189 22.
1420 1123 1482 1207 4,
1532 1123 1631 1187 15.
1696 1122 1758 1206 5,
1802 1121 1906 1186 23.
2000 1119 2142 1184 σοι.
2192 1119 2246 1202 1,
2297 1119 2395 1183 18.
2474 1121 2537 1203 2,
2586 1120 2684 1183 10.

614 1235 752 1329 19),
819 1244 1015 1329 idque
1071 1247 1142 1311 u)
1198 1246 1541 1328 μυστήριον
1589 1244 1846 1326 χρόνοις
1909 1243 2190 1317 αῐωνίοις
2246 1245 2687 1326 σεσιγημένον,

610 1369 730 1430 νῦν
773 1363 848 1427 δὲ
889 1367 1286 1447 φανερωθέν
1329 1361 1543 1444 (Rom.
1596 1358 1692 1444 16,
1736 1358 1870 1444 25),
1914 1358 1981 1425 τὰ
2025 1360 2367 1444 μυστήριον
2407 1364 2523 1450 τοῦ
2556 1364 2684 1437 θεῖ-

610 1481 889 1568 λήματος
931 1483 1038 1549 τοῦ
1084 1486 1257 1548 θεοῦ
1313 1478 1482 1546 κατὰ
1542 1477 1654 1566 τὴν
1708 1476 2008 1546 εὐδοκίαν
2066 1474 2292 1553 αὐτοῦ,
2355 1476 2434 1561 ἧν
2498 1482 2685 1560 προέ-

610 1605 772 1667 θετο
818 1600 890 1667 ἓν
935 1598 1122 1687 αὐτῷ
1179 1602 1269 1677 εἰς
1311 1600 1689 1683 οἰκονομίαν
1730 1602 1837 1665 τοῦ
1892 1597 2314 1681 πληρώματος
2359 1600 2489 1663 ταῖν
2531 1620 2684 1661 και-

610 1725 743 1801 ρῶν
785 1715 983 1803 (Eph.
1035 1718 1100 1800 1,
1145 1715 1246 1801 9):
1308 1716 2035 1802 ἀνακεφαλαιώσασθαι
2089 1714 2169 1781 τὰ
2224 1714 2444 1780 πάντα
2486 1714 2559 1778 ἐν
2603 1718 2691 1803 uf}

610 1840 866 1925 Χριστῷ·
880 1880 898 1915 ,
958 1834 1040 1901 τὰ
1094 1834 1167 1901 ἐν
1220 1846 1347 1913 τοϊς
1403 1833 1697 1920 οὐρανοῖς
1754 1838 1861 1900 καὶ
1904 1832 1983 1900 τὰ
2028 1833 2136 1900 ἐπὶ
2176 1838 2286 1921 τῆς
2328 1836 2441 1917 γῆς
2485 1831 2683 1917 (Eph.

613 1953 682 2036 1,
737 1954 865 2039 10).

741 2070 944 2157 Cujus
1004 2080 1220 2137 autem
1293 2093 1377 2137 ex
1433 2073 1544 2157 iis,
1613 2094 1756 2159 quae
1815 2072 1957 2157 jam
2006 2070 2369 2155 attigimus,
2442 2077 2686 2134 aeterna

492 2238 505 2244 -
611 2198 845 2254 natura
886 2198 1082 2275 atque
1129 2191 1418 2275 ἐνέργεια
1453 2188 1841 2256 universalis
1857 2190 1911 2274 ¹)
1956 2189 2313 2274 conspicua
2348 2196 2464 2271 est,
2510 2187 2684 2251 idem

613 2310 946 2393 expressis
992 2307 1211 2373 verbis
1247 2308 1618 2373 celebratur
1650 2318 1722 2374 ut
1763 2311 2161 2392 πρωτότοκος
2192 2308 2401 2393 πάσης
2432 2312 2687 2384 κτίσεως
2816 2377 2825 2388 ,

615 2424 787 2509 (ΟοΙ.
840 2425 894 2508 1,
944 2424 1041 2488 15.
1129 2424 1243 2489 efr.
1288 2424 1449 2490 Ebr.
1502 2426 1557 2510 1,
1602 2426 1662 2490 6.
1729 2426 1876 2492 Joh.
1930 2426 2026 2511 17,
2070 2428 2161 2514 5),
2208 2427 2398 2512 eique
2444 2424 2686 2488 adseri-

611 2540 786 2607 bitur
828 2541 915 2607 ad
955 2541 1248 2607 homines
1283 2542 1537 2628 relatiO,
1579 2545 1716 2610 vita
1739 2546 1879 2632 ejus
1915 2545 2197 2611 humana
2216 2545 2394 2632 prior
2434 2543 2501 2629 (1
2529 2541 2683 2607 Cor.

618 2661 714 2746 10,
757 2660 820 2725 4.
867 2661 928 2726 9.
975 2659 1121 2726 coll.
1209 2660 1356 2727 Joh.
1402 2661 1462 2745 8,
1506 2662 1641 2749 58).

786 2777 1039 2857 Quibus
1096 2781 1163 2842 in
1230 2801 1427 2843 unum
1491 2782 1851 2867 conjunctis
1866 2832 1883 2867 ,
1951 2785 2097 2869 quis
2155 2803 2288 2847 non
2346 2779 2683 2863 concedet,

612 2904 794 2960 tanta
833 2917 965 2959 non
1007 2896 1297 2983 potuisse
1345 2896 1430 2961 de
1479 2896 1739 2964 Christo
1783 2900 2145 2986 praedicare
2188 2898 2463 2965 Paulum
2506 2899 2683 2985 Apo-

615 3014 878 3099 stolum,
933 3016 1058 3080 nisi
1114 3015 1265 3081 talis
1308 3018 1757 3103 praeeessisset
1808 3020 1944 3085 vita
1987 3027 2181 3105 atque
2225 3017 2508 3083 humana
2549 3017 2684 3080 exi-

615 3135 869 3219 stentia,
915 3135 1123 3221 qualis
1167 3135 1519 3219 imaginem
1560 3135 1751 3201 nobis
1794 3137 2088 3201 referunt
2131 3134 2681 3221 evangelistarum

612 3253 1066 3318 narrationes?
1155 3254 1365 3337 Quas,
1432 3262 1503 3318 ut
1561 3254 1651 3318 ita
1706 3254 1951 3339 dicam,
2015 3254 2269 3339 flagitat
2308 3254 2477 3319 fides
2520 3252 2681 3317 chri·
2751 3272 2754 3274 ’

612 3371 838 3456 stiam,
885 3394 1028 3459 quae
1073 3395 1219 3439 eum
1261 3370 1579 3459 Apostolo
1622 3371 1892 3458 fatetur,
1949 3373 2170 3439 datum
2214 3394 2360 3439 esse
2410 3371 2671 3437 Christo

610 3491 821 3576 ὄνομα
865 3491 936 3558 τὸ
977 3489 1137 3577 ὑπὲρ
1180 3498 1323 3561 πᾶν
1363 3492 1575 3577 ὄνομα
1617 3491 1808 3578 (Phil.
1854 3493 1915 3576 2,
1959 3492 2052 3578 9).

658 3811 712 3878 ¹)
750 3815 946 3881 Quam,
1003 3814 1140 3884 quod
1201 3813 1374 3868 sutura
1431 3817 1648 3880 attinet,
1714 3832 1832 3885 spes
1888 3816 2169 3868 christiana
2222 3816 2460 3883 exprimit
2505 3813 2570 3867 de
2618 3813 2681 3886 τῇ

750 3897 924 3975 ἡμέρᾳ
961 3900 1054 3953 τοῦ
1086 3902 1274 3973 κυρίου
1308 3896 1466 3971 ἡμῶν
1497 3900 1663 3966 Ἰησοῦ
1696 3902 1955 3975 Χριστοῦ,
1992 3900 2121 3953 fides
2149 3902 2200 3953 in
2234 3915 2373 3966 eum,
2413 3903 2503 3969 qui
2539 3914 2675 3951 ven-

658 4020 664 4024 -
754 3990 897 4036 tut-us
927 3993 1006 4037 est
1028 3984 1267 4050 judicare
1295 3987 1446 4040 vivos
1474 3992 1529 4037 et
1555 3993 1803 4038 mortuos,
2038 4009 2043 4011 ·
