3034 4759
1386 315 1470 384 37

396 543 468 590 re
514 523 853 607 simillima,
901 541 1045 610 quse
1091 522 1266 609 apud
1307 523 1555 587 Lucam
1601 522 1895 607 legimus,
1938 520 2467 590 verbotenus-ci-

391 652 503 707 tat.
592 640 861 707 Scilicet
924 642 991 705 in
1044 642 1265 728 priore
1327 641 1412 706 ad
1455 641 1878 714 Timotheum
1928 639 2205 726 epistola
2255 641 2332 725 f),-
2389 642 2466 706 18

389 743 530 825 haec
573 758 810 825 verba:
869 762 1048 843 ἄξιος
1089 759 1127 829 ὖ
1182 761 1446 848 ἐργάτης
1486 768 1606 830 w&
1656 764 1901 845 μισθοῦ
1945 756 2137 829 auito&
2177 780 2218 822 a
2257 759 2463 825 Paulo

388 880 768 963 laudantur3
817 878 1036 964 cred0,
1083 879 1235 966 quia
1281 879 1523 945 Christi
1571 887 1722 946 sunt
1766 877 1991 962 verba,
2036 897 2186 943 nam
2230 899 2464 946 annec-

388 1007 605 1064 tuntur
662 1000 773 1082 iis,
842 1019 985 1085 quae
1045 1020 1132 1063 ex
1187 1001 1507 1085 scriptura
1565 1019 1754 1063 sacra
1805 998 2050 1062 veteris
2093 997 2463 1062 testamenti

387 1126 536 1181 sunt
591 1115 813 1201 allata,
886 1127 952 1181 et
1005 1127 1077 1182 ut
1130 1115 1339 1181 verba
1407 1115 1701 1203 ejusdem
1758 1114 2098 1203 ponderis,
2166 1115 2459 1202 ejusdem

386 1236 786 1302 auctoritatis
843 1235 1172 1301 adduntur
1230 1233 1313 1299 ab
1373 1235 1717 1321 Apost010.
1807 1235 1960 1299 Dici
1999 1243 2256 1321 posset,
2310 1255 2459 1321 pro·

383 1353 683 1442 verbium
708 1354 927 1438 fuisse,
971 1355 1254 1441 ideoque
1294 1365 1360 1420 et
1393 1377 1437 1419 a
1471 1353 1733 1420 Christo
1769 1355 2033 1430 citatum
2067 1361 2134 1417 et
2176 1374 2217 1417 a
2250 1347 2456 1417 Paulo

384 1476 718 1561 scripturae
761 1472 982 1538 verbis
1042 1473 1475 1561 supplementi
1529 1474 1735 1537 instar
1788 1470 2080 1536 additum
2095 1470 2169 1556 ¹).
2259 1471 2457 1551 Quod

383 1593 611 1658 saltem
665 1592 1144 1679 praferendum
1200 1589 1481 1656 dixerim
1533 1591 1647 1675 iis,
1715 1612 1859 1677 quse
1902 1588 2224 1654 Ebrard
2282 1591 2455 1675 (πίει

382 1711 756 1778 senschaftl.
803 1711 1025 1777 Kritik
1075 1710 1138 1775 d.
1187 1732 1420 1796 evang.
1460 1709 1700 1775 Gesch.
1735 1710 1824 1773 2t.
1850 1708 1974 1778 Th„
2018 1730 2083 1794 p.
2128 1707 2284 1794 984)
2329 1716 2454 1773 sta-

379 1833 515 1915 tuit,
561 1833 673 1918 qui
704 1840 973 1915 temere,
1007 1839 1079 1896 ut
1109 1830 1387 1915 videtur,
1435 1849 1523 1894 ex
1558 1828 1671 1894 illa
1702 1826 1946 1893 citandi
1982 1825 2278 1912 formula,
2323 1848 2455 1914 qua

379 1969 533 2018 usus
590 1960 695 2015 est
749 1950 989 2015 Paulus
1048 1951 1251 2034 (λέγει
1305 1947 1431 2033 γὰρ
1491 1948 1532 2034 ἤ
1573 1945 1854 2034 γραφή),
1918 1953 2278 2011 monstrare
2324 1955 2453 2010 stu-

379 2069 519 2154 det,
585 2070 685 2134 his
742 2065 964 2134 verbis
1044 2070 1360 2134 contineri
1434 2088 1823 2153 expressum
1893 2062 2080 2128 Pauli
2151 2062 2449 2151 Apostoli

378 2190 812 2254 testimonium
859 2187 943 2252 de
996 2186 1342 2273 evangelio
1388 2187 1606 2250 Lucae.
2419 2167 2434 2174 ’

549 2307 828 2373 Omnino
872 2306 1228 2372 tenendum
1284 2315 1385 2370 est
1396 2352 1413 2390 ,
1473 2302 1915 2369 difficillimum
1972 2323 2149 2387 esse,
2207 2321 2294 2366 ex
2346 2302 2447 2368 his

378 2426 728 2492 verborum
802 2427 1103 2511 vestigiis
1126 2475 1143 2509 ‚
1220 2424 1393 2491 unde
1470 2423 1769 2510 profecta
1844 2423 2000 2507 sint,
2082 2425 2447 2490 accuratius

378 2547 795 2612 constituere.
883 2541 1078 2610 Patet
1122 2544 1292 2609 enim
1306 2592 1322 2625 ‚
1369 2552 1614 2630 quanta
1656 2544 1739 2606 sit
1781 2543 1882 2606 vis
1940 2541 2144 2606 solitae
2189 2541 2449 2608 dicendi

376 2666 645 2730 rationis
670 2666 738 2728 in
772 2663 896 2728 hac
921 2661 1274 2728 verborum
1313 2661 1772 2726 convenientia
1805 2659 2210 2745 effingenda:
2249 2670 2445 2749 patet,

373 2783 669 2848 idearum
748 2782 1239 2867 congruentiam
1309 2782 1500 2846 etiam
1567 2779 1792 2845 verbis
1856 2800 1990 2843 non
2053 2801 2249 2866 posse
2315 2801 2447 2845 non

292 2931 297 2934 -
377 2903 795 2989 conspicuam
836 2900 1012 2965 fieri:
1067 2909 1281 2987 patet,
1337 2899 1422 2963 ad
1466 2897 1821 2964 verborum
1865 2898 2107 2963 Christi
2165 2907 2232 2965 et
2270 2899 2446 2986 Apo·-

375 3020 688 3085 stolorum
746 3017 1229 3084 similitudinem
1290 3017 1744 3105 explicandam
1799 3015 1995 3081 etiam
2048 3018 2292 3083 veteris
2356 3028 2447 3083 te·

375 3140 677 3219 stamenti
742 3140 1063 3204 rationem
1121 3157 1268 3202 esse
1324 3134 1724 3219 habendam,
1793 3144 1862 3199 et
1912 3134 2087 3199 haud
2140 3155 2291 3199 raro
2359 3158 2445 3200 ex

377 3257 502 3321 hoc
547 3258 869 3322 communi
908 3256 1088 3322 fonte
1135 3255 1594 3339 derivandum,
1651 3254 1711 3318 si
1763 3274 1910 3339 quae
1959 3252 2029 3317 in
2083 3252 2444 3339 evangeliis
2545 3243 2549 3248 ⁴

373 3375 681 3462 legimus,
740 3377 936 3442 etiam
976 3376 1044 3440 in
1089 3373 1381 3462 epistolis
1432 3375 1863 3461 reperiantur.
1949 3371 2264 3436 Attamen
2300 3373 2446 3437 fieri

326 3502 621 3581 ‘potest‚
662 3505 759 3594 (ut
812 3496 953 3581 ipse
1009 3494 1116 3558 hic
1169 3493 1415 3558 veteris
1472 3493 1845 3587 testamenti
1889 3513 2046 3557 usus
2088 3489 2442 3577 Apostolos

760 3702 972 3710 ——--——

417 3848 470 3915 ι)
513 3847 836 3902 Calvinus
863 3848 929 3902 ad
958 3850 1008 3901 h.
1036 3850 1096 3901 L:
1139 3866 1274 3917 „non
1300 3851 1428 3901 citat
1466 3850 1612 3918 quasi
1650 3851 1920 3915 scriptura)
1946 3847 2309 3912 testitnonium,
2349 3846 2441 3900 sod
2477 3861 2486 3868 ’

511 3937 656 4005 quasi
688 3934 876 3986 dictum
904 3935 1255 4003 proverbiale,
1306 3935 1442 4005 quod
1472 3934 1709 4008 omnibus
1739 3934 1901 3985 dictat
1928 3934 2213 3986 communis
2240 3947 2438 3986 sensus.

513 4019 957 4085 Quemadmodum
987 4027 1038 4070 et
1069 4017 1329 4085 Christus,
1378 4037 1532 4088 quum
1573 4020 1708 4070 idem
1748 4017 1956 4069 dicebat
1982 4017 2270 4084 Apostolus,
2318 4017 2440 4069 nihil

511 4105 649 4157 aliud
679 4122 831 4176 quam
859 4106 1170 4159 sententium
1194 4104 1497 4176 proferebat
1513 4105 1738 4170 omnium
1768 4097 2026 4156 consensu
2053 4102 2442 4177 approbatum.''
