3034 4759
1298 1355 1444 1438 §1-

336 1450 569 1567 Vitam
646 1490 807 1554 Jesu
880 1490 1120 1555 Christi
1203 1490 1466 1555 Domini
1555 1492 1761 1554 nostri
1848 1499 2041 1577 atque
2129 1487 2406 1555 Redem-

337 1611 496 1673 toris
544 1605 919 1672 describere
967 1618 1125 1694 quot
1169 1616 1234 1672 et
1280 1625 1471 1695 quam
1517 1608 1761 1674 diversi
1813 1609 2057 1694 ingenii
2100 1617 2405 1672 auctores

334 1727 547 1791 conati
611 1727 738 1791 sint
789 1709 1159 1790 novissimis
1216 1726 1315 1791 his
1372 1727 1800 1814 temporibus,
1868 1725 2023 1791 satis
2079 1749 2403 1813 superque

333 1854 605 1910 constat.
696 1844 890 1925 Quod
932 1867 1062 1910 non
1107 1845 1367 1916 fortuito
1414 1845 1765 1929 accidisse,
1817 1844 2009 1910 facile
2051 1855 2261 1932 patet:
2325 1847 2404 1909 si·
2441 1907 2445 1911 .

334 1962 594 2048 quidem
639 1963 774 2026 vita
819 1961 1058 2027 Christi
1104 1974 1202 2027 est
1247 1962 1445 2028 cardo
1492 1965 1592 2027 rei
1633 1964 2013 2047 christianae,
2056 1984 2271 2049 neque
2321 1964 2402 2025 de

335 2055 616 2144 ecclesia
661 2078 1002 2164 disputari,
1065 2102 1279 2166 neque
1323 2081 1390 2144 in
1433 2079 1817 2164 theologicis
1863 2079 2105 2166 aliquid
2152 2080 2405 2166 definiri

332 2201 569 2284 potest,
615 2195 771 2283 quin
814 2197 900 2261 ad
953 2181 1341 2285 quaestiones
1401 2197 1889 2283 christologicas
1949 2207 2014 2263 et
2055 2200 2145 2262 ita
2188 2197 2271 2262 ad
2305 2199 2407 2264 'vi-

333 2326 466 2381 tam
534 2325 598 2381 et
660 2303 1023 2380 historiam⁴
1053 2315 1295 2381 Christi
1358 2339 1467 2381 res
1527 2299 1922 2380 deferatur.'
1988 2316 2206 2397 Quare
2275 2340 2405 2381 non

333 2435 567 2528 injuria
623 2431 884 2518 dicitur,
928 2437 1185 2522 “nostris
1244 2435 1645 2521 temporibus
1688 2436 1889 2500 vitam
1946 2433 2185 2501 Christi
2239 2436 2408 2501 inter

333 2552 740 2638 problemata
782 2551 1153 2638 theologica
1194 2554 1470 2639 primum
1514 2551 1730 2617 locum
1773 2562 2021 2617 tenere.

456 2689 463 2694 ·
504 2670 774 2734 Factum
830 2679 931 2735 est
982 2671 1126 2758 ipsa
1181 2669 1407 2736 harum
1465 2670 1980 2758 disquisitionum
2034 2679 2264 2735 natura
2318 2682 2409 2736 at-

338 2810 463 2875 que
509 2788 762 2878 indole,
806 2797 878 2853 ut
923 2787 1410 2875 evangeliorum
1467 2790 1548 2855 de
1594 2791 1728 2855 vita
1775 2785 2028 2855 Christi·
2061 2791 2408 2853 enarratio-

320 2925 453 2975 nes
519 2907 847 2994 praecipue
912 2910 979 2972 in
1045 2931 1321 2974 censum·
1373 2910 1690 2974 venirent.
1790 2907 1866 2971 In
1930 2891 2405 2990 narrationibus

339 3024 735 3109 evangelicis
782 3026 1220 3113 exponendiS‚
1282 3023 1733 3110 conciliandis,
1792 3023 2251 3111 dijudicandis,
2296 3027 2407 3089 im-

344 3141 713 3227 pugnandis
747 3131 843 3208 ‘'et
899 3142 1328 3209 defendendis
1373 3145 1618 3210 versati
1662 3153 1810 3209 sunt
1860 3141 2151 3228 theologi
2197 3141 2408 3208 studio

337 3259 700 3325 indefesso:
761 3283 1010 3327 summa
1055 3264 1363 3328 doctrinae
1411 3264 1617 3350 copia,
1676 3261 2018 3348 singularis
2065 3263 2407 3356 sagacium,

342 3378 865 3462 ingeniosissima
920 3402 1137 3445 rerum
1197 3381 1686 3446 christianarum
1728 3382 2154 3466 perscrutatio
2202 3390 2266 3445 et
2318 3383 2411 3445 in-

334 3497 746 3582 terpretum,
813 3499 1063 3563 animus
1088 3498 1418 3576 {ecclesiae
1473 3494 1724 3564 hostilis
1756 3578 1760 3580 Α
1788 3507 1852 3564 et
1905 3498 2071 3563 fides
2118 3500 2411 3584 mysterii

338 3622 543 3678 tenax
584 3637 850 3680 arenam
893 3619 1173 3706 ingressi
1216 3627 1392 3711 sunt,
1437 3619 1632 3682 armis
1676 3616 1954 3705 telisque
1998 3620 2120 3705 pro
2163 3617 2409 3686 viribus

341 3729 749 3800 dimicarunt.
833 3736 1008 3800 Fieri
1050 3758 1182 3801 non
1238 3736 1476 3821 potuit,
1529 3738 1682 3823 quin
1726 3734 1812 3799 ad
1864 3735 1981 3799 has
2028 3736 2413 3821 disquisitio·
2451 3744 2472 3760 ⁴

335 3870 452 3914 nes
534 3850 948 3937 evangelicas
1025 3853 1460 3967 undecunque
1550 3853 1998 3918 conferrentur
2070 3853 2405 3940 praesidia.

340 3953 411 4034 ut
472 3965 965 4056 evangeliorum
1018 3973 1367 4039 auctoritas
1428 3981 1540 4038 aut
1592 3975 2081 4059 impugnaretur
2134 3981 2246 4037 aut
2304 3971 2412 4035 de-

343 4085 750 4172 fenderetur,
808 4090 1001 4155 etiam
1043 4090 1275 4176 reliqui
1318 4090 1472 4156 novi
1516 4092 1886 4156 testamenti
1927 4089 2075 4157 libri
2118 4090 2183 4155 in
2224 4105 2412 4153 usum

1954 4246 1979 4297 1
