3034 4759
1367 327 1411 396 ὃ

349 531 614 599 uberius
661 553 1084 619 exponamus.
1175 534 1338 615 Quae
1380 531 1582 626 igitur
1634 531 1703 598 in
1761 533 2051 620 epistolis
2094 535 2286 601 Pauli
2332 536 2414 602 de

348 643 618 717 historia
658 649 902 750 Christi
944 660 1244 717 servatur
1284 651 1578 737 traditio,
1626 652 1989 739 apostolica
2031 662 2160 719 est:
2217 653 2414 718 tradi-

348 779 455 835 tur
494 768 701 853 nobis,
758 769 986 848 καθὼς
1026 772 1403 855 παρέδοσαν
1441 770 1593 857 ἡμῖν
1622 772 1687 840 οἱ
1721 769 1840 842 ἄπ’
1871 770 2065 860 dem
2103 770 2414 839 αῧτόπται

351 894 460 954 καὶ
496 886 807 975 ὑπηρέται
851 890 1186 973 γενόμενοι
1229 895 1342 958 τοῦ
1383 892 1580 972 λόγου
1622 890 1811 974 (Luc.
1862 892 1916 973 1,
1960 888 2054 974 2).

1314 1093 1354 1173 ὅ
1399 1091 1460 1156 3.

354 1287 365 1323 .-
516 1240 764 1307 Verum
810 1261 897 1305 ex
938 1239 1144 1306 altera
1186 1250 1372 1328 parte
1419 1263 1635 1329 neque
1679 1242 1760 1326 ,id
1804 1242 2182 1326 tacendum,
2239 1242 2416 1310 hisco

347 1359 535 1425 Pauli
608 1357 913 1446 Apostoli
991 1357 1075 1423 de
1154 1356 1289 1425 vita
1367 1359 1610 1427 Christi
1690 1360 2144 1427 traditionibus
2218 1360 2422 1427 multa

349 1477 583 1543 deesse
598 1525 616 1562 ,
670 1479 739 1544 in
778 1478 863 1542 iis
910 1477 1115 1543 multa
1158 1477 1541 1544 desiderari.
1627 1479 1776 1544 Non
1830 1478 1976 1564 plus
2035 1489 2419 1566 exspectan·

349 1595 532 1679 dum,
602 1617 796 1682 quam
854 1595 1034 1682 qued
1089 1598 1188 1660 rei
1243 1605 1492 1662 naturae
1550 1617 1927 1681 congruum.
2038 1597 2204 1661 Non
2245 1598 2414 1666 enim

347 1713 553 1779 habes
596 1716 971 1800 empiricam
1014 1715 1298 1781 historiae
1344 1712 1589 1779 Christi
1620 1715 2005 1780 varietatem
2048 1725 2245 1802 atque
2283 1737 2419 1780 am·

346 1831 779 1918 pletudinem:
843 1856 1103 1899 summa.
1144 1842 1393 1898 tantum
1448 1835 1548 1900 rei
1604 1842 1934 1898 tractatur.
2020 1833 2081 1899 N
2086 1855 2171 1899 on
2211 1834 2418 1899 habes

346 1948 718 2015 uberiorem
773 1951 1056 2017 historiae
1104 1951 1344 2017 Christi
1395 1952 1899 2018 enarrationem:
1958 1952 2077 2017 sed
2136 1951 2417 2017 delinea-

345 2070 590 2133 tionem
634 2075 881 2133 tantum
897 2116 915 2151 ,
979 2070 1191 2155 prima
1254 2078 1322 2134 et
1384 2070 1715 2156 praecipua
1778 2077 1996 2133 textus
2054 2069 2418 2154 evangelici

347 2188 654 2251 stamina:
701 2188 1085 2273 supponitur
1125 2197 1402 2253 narratus
1448 2196 1514 2253 et
1553 2186 1812 2252 traditae
1852 2186 2135 2262 historiae
2177 2185 2419 2260 Christi

351 2306 669 2390 cognitio:
727 2304 953 2371 scribit
1011 2307 1182 2372 enim
1236 2305 1634 2389 christianis,
1691 2305 1984 2391 ecclesiis
2029 2305 2414 2374 christianis.

346 2422 782 2509 Repefiuntur
824 2423 1174 2489 allusiones
1222 2424 1312 2489 ad
1353 2425 1687 2491 historiam
1734 2423 2007 2506 Christi,
2054 2423 2417 2489 traditionis

349 2540 749 2627 evangelicae
803 2543 1116 2627 vestigia,
1180 2542 1431 2625 dieses,
1498 2540 1769 2605 consilia
1823 2551 1890 2606 ct
1944 2542 2416 2636 admonitiones

349 2658 744 2742 christianin,
810 2681 985 2745 quse·
1013 2681 1211 2746 quum
1263 2679 1371 2723 res
1427 2659 1496 2722 in
1548 2658 1726 2740 facto
1776 2659 2022 2744 positas
2087 2658 2418 2745 explicent

349 2783 416 2842 et
451 2775 741 2862 allegent
783 2785 873 2860 et,
911 2786 983 2843 ut
1023 2779 1116 2843 ita
1158 2776 1388 2861 dicam,
1431 2777 1499 2840 in
1543 2775 1837 2842 ecclesiae
1871 2799 2137 2842 succum
2172 2785 2238 2841 et
2274 2797 2418 2856 sans

346 2895 611 2978 guinem
655 2904 1068 2980 convertant,
1130 2897 1310 2982 ipsas
1364 2916 1479 2960 res
1530 2894 1598 2959 in
1652 2894 1823 2960 facto
1867 2895 2114 2981 positas
2156 2895 2416 2959 sincero

346 3012 577 3078 lectori
614 3012 1032 3100 persuadent.

1310 3212 1455 3295 §4-

389 3402 395 3410 ·
513 3364 821 3448 Accedit,
888 3363 1065 3450 quod
1135 3363 1496 3432 traditionis
1551 3362 1840 3429 Paulinae
1907 3359 2216 3428 ambitum
2281 3385 2412 3430 non

347 3483 552 3549 solum
593 3483 803 3548 forma
846 3483 986 3569 ejus
1025 3480 1390 3568 epistolaris
1427 3478 1910 3563 circumscribit,
1948 3503 2178 3576 verum
2221 3483 2415 3548 etiam

345 3603 550 3688 ipsius
607 3602 889 3665 auctoris
948 3600 1286 3665 character
1343 3599 1711 3686 singularis.
1812 3600 1945 3665 Vix
2002 3601 2174 3664 enim
2231 3598 2412 3664 dubi-

346 3719 630 3802 tandum,
676 3718 918 3805 aliquid
962 3741 1221 3806 quoque
1259 3716 1673 3783 tribuendum
1712 3740 1857 3783 esse
1893 3718 1983 3782 illi
2020 3720 2411 3802 περιστάσει,

349 3837 528 3925 quod
567 3836 811 3903 Paulus
853 3857 983 3904 non
1038 3837 1233 3906 suerit
1273 3838 1424 3906 vitm
1471 3836 1715 3904 Christi
1776 3858 2126 3922 rerumque
2180 3834 2264 3902 ab
2332 3857 2411 3900 eo

346 3966 677 4042 gestarum
753 3945 939 4022 testis
1002 3956 1316 4022 oculatus.
1443 3956 1745 4022 Perfecte
1812 3955 2035 4041 utique
2106 3955 2415 4039 cognovit

351 4074 589 4144 Christi
630 4073 962 4142 historiam
1010 4075 1199 4165 eique
1245 4073 1482 4143 tradita
1526 4085 1627 4143 est
1668 4074 1816 4142 vitae
1849 4073 2116 4142 Domini
2159 4074 2417 4161 integra
