<?xml version="1.0" encoding="UTF-8"?>
<!DOCTYPE html PUBLIC "-//W3C//DTD XHTML 1.0 Transitional//EN"
    "http://www.w3.org/TR/xhtml1/DTD/xhtml1-transitional.dtd">
<html xmlns="http://www.w3.org/1999/xhtml" xml:lang="en" lang="en">
 <head>
  <title>
</title>
<meta http-equiv="Content-Type" content="text/html;charset=utf-8" />
  <meta name='ocr-system' content='tesseract 3.04.00' />
  <meta name='ocr-capabilities' content='ocr_page ocr_carea ocr_par ocr_line ocrx_word'/>
</head>
<body>
  <div class='ocr_page' id='page_1' title='image "./vitajesuchristi00koltgoog_0068.png"; bbox 0 0 3034 4759; ppageno 0'>
   <div class='ocr_carea' id='block_1_1' title="bbox 593 291 2666 941">
    <p class='ocr_par' dir='ltr' id='par_1_1' title="bbox 593 291 2666 765">
     <span class='ocr_line' id='line_1_1' title="bbox 1582 291 1812 415; baseline -0.004 -94"><span class='ocrx_word' id='word_1_1' title='bbox 1582 349 1668 415; x_wconf 69' lang='lat'><strong>54</strong></span> <span class='ocrx_word' id='word_1_2' title='bbox 1795 291 1812 320; x_wconf 70' lang='lat' dir='ltr'><strong>t</strong></span> 
     </span>
     <span class='ocr_line' id='line_1_2' title="bbox 596 550 2666 645; baseline -0.003 -20"><span class='ocrx_word' id='word_1_3' title='bbox 596 582 781 640; x_wconf 76' lang='grc' dir='ltr'><strong><em>ναμις</em></strong></span> <span class='ocrx_word' id='word_1_4' title='bbox 825 561 933 643; x_wconf 69' lang='grc' dir='ltr'><strong>τῆς</strong></span> <span class='ocrx_word' id='word_1_5' title='bbox 974 554 1386 634; x_wconf 78' lang='grc' dir='ltr'><strong><em>α’ναστοίσεως</em></strong></span> <span class='ocrx_word' id='word_1_6' title='bbox 1429 552 1625 624; x_wconf 68' lang='grc' dir='ltr'><em>αὑτοῦ</em></span> <span class='ocrx_word' id='word_1_7' title='bbox 1675 553 1867 641; x_wconf 78' lang='lat' dir='ltr'><strong>(Phil.</strong></span> <span class='ocrx_word' id='word_1_8' title='bbox 1912 556 1988 639; x_wconf 83' lang='lat'><strong>3,</strong></span> <span class='ocrx_word' id='word_1_9' title='bbox 2035 554 2179 640; x_wconf 85' lang='lat' dir='ltr'><strong>lo),</strong></span> <span class='ocrx_word' id='word_1_10' title='bbox 2237 550 2274 645; x_wconf 79' lang='grc' dir='ltr'><strong><em>ἧ</em></strong></span> <span class='ocrx_word' id='word_1_11' title='bbox 2318 552 2666 638; x_wconf 54' lang='lat' dir='ltr'><strong>&amp;humela</strong></span> 
     </span>
     <span class='ocr_line' id='line_1_3' title="bbox 593 676 952 838; baseline 0.003 -97"><span class='ocrx_word' id='word_1_12' title='bbox 593 679 717 838; x_wconf 69' lang='grc' dir='ltr'><strong>ῐτῆς</strong></span> <span class='ocrx_word' id='word_1_13' title='bbox 747 676 952 760; x_wconf 72' lang='grc' dir='ltr'><strong><em>δόξης.</em></strong></span> 
     </span>
    </p>

    <p class='ocr_par' dir='ltr' id='par_1_2' title="bbox 1526 860 1714 941">
     <span class='ocr_line' id='line_1_4' title="bbox 1526 860 1714 941; baseline 0.048 -24"><span class='ocrx_word' id='word_1_14' title='bbox 1526 864 1588 941; x_wconf 63' lang='grc' dir='ltr'><strong>ξ.</strong></span> <span class='ocrx_word' id='word_1_15' title='bbox 1610 860 1714 925; x_wconf 81' lang='grc'><strong>20.</strong></span> 
     </span>
    </p>
   </div>
   <div class='ocr_carea' id='block_1_2' title="bbox 589 1025 2666 1355">
    <p class='ocr_par' dir='ltr' id='par_1_3' title="bbox 589 1025 2666 1355">
     <span class='ocr_line' id='line_1_5' title="bbox 760 1025 2666 1138; baseline 0 -43"><span class='ocrx_word' id='word_1_16' title='bbox 760 1033 923 1113; x_wconf 74' lang='lat' dir='ltr'><strong>Quae</strong></span> <span class='ocrx_word' id='word_1_17' title='bbox 966 1028 1302 1117; x_wconf 83' lang='lat' dir='ltr'><strong>hueusque</strong></span> <span class='ocrx_word' id='word_1_18' title='bbox 1349 1028 1817 1138; x_wconf 72' lang='lat' dir='ltr'><strong>disputavimus</strong></span> <span class='ocrx_word' id='word_1_19' title='bbox 1834 1078 1852 1112; x_wconf 90' lang='lat'><strong>,</strong></span> <span class='ocrx_word' id='word_1_20' title='bbox 1875 1025 2201 1093; x_wconf 48' lang='lat' dir='ltr'><strong>*sufficere</strong></span> <span class='ocrx_word' id='word_1_21' title='bbox 2255 1027 2666 1117; x_wconf 76' lang='lat' dir='ltr'><strong>arbitramur,</strong></span> 
     </span>
     <span class='ocr_line' id='line_1_6' title="bbox 591 1143 2666 1236; baseline -0 -21"><span class='ocrx_word' id='word_1_22' title='bbox 591 1159 661 1215; x_wconf 88' lang='lat' dir='ltr'><strong>ut</strong></span> <span class='ocrx_word' id='word_1_23' title='bbox 705 1171 790 1214; x_wconf 85' lang='lat' dir='ltr'><strong>ex</strong></span> <span class='ocrx_word' id='word_1_24' title='bbox 810 1143 815 1148; x_wconf 78' lang='grc'>’</span> <span class='ocrx_word' id='word_1_25' title='bbox 834 1148 1123 1236; x_wconf 83' lang='lat' dir='ltr'><strong>epistolis</strong></span> <span class='ocrx_word' id='word_1_26' title='bbox 1159 1145 1348 1216; x_wconf 84' lang='lat' dir='ltr'><strong>Pauli</strong></span> <span class='ocrx_word' id='word_1_27' title='bbox 1381 1147 1685 1236; x_wconf 84' lang='lat' dir='ltr'><strong>Apostoli</strong></span> <span class='ocrx_word' id='word_1_28' title='bbox 1720 1155 2050 1234; x_wconf 81' lang='lat' dir='ltr'><strong>appareat,</strong></span> <span class='ocrx_word' id='word_1_29' title='bbox 2097 1148 2423 1234; x_wconf 83' lang='lat' dir='ltr'><strong>quomodo</strong></span> <span class='ocrx_word' id='word_1_30' title='bbox 2469 1148 2666 1215; x_wconf 84' lang='lat' dir='ltr'><strong>histo-</strong></span> 
     </span>
     <span class='ocr_line' id='line_1_7' title="bbox 589 1265 2660 1355; baseline 0 -23"><span class='ocrx_word' id='word_1_31' title='bbox 589 1269 751 1332; x_wconf 79' lang='lat' dir='ltr'><strong>riam</strong></span> <span class='ocrx_word' id='word_1_32' title='bbox 803 1268 965 1333; x_wconf 84' lang='lat' dir='ltr'><strong>Jesu</strong></span> <span class='ocrx_word' id='word_1_33' title='bbox 1023 1267 1266 1333; x_wconf 81' lang='lat' dir='ltr'>Christi</span> <span class='ocrx_word' id='word_1_34' title='bbox 1332 1267 1464 1332; x_wconf 88' lang='lat' dir='ltr'><strong>suis</strong></span> <span class='ocrx_word' id='word_1_35' title='bbox 1528 1266 1913 1331; x_wconf 79' lang='lat' dir='ltr'><strong>testimoniis</strong></span> <span class='ocrx_word' id='word_1_36' title='bbox 1975 1265 2404 1332; x_wconf 78' lang='lat' dir='ltr'><strong>delineaverit</strong></span> <span class='ocrx_word' id='word_1_37' title='bbox 2466 1277 2660 1355; x_wconf 77' lang='lat' dir='ltr'><strong>atque</strong></span> 
     </span>
    </p>
   </div>
   <div class='ocr_carea' id='block_1_3' title="bbox 476 1384 2656 1471">
    <p class='ocr_par' dir='ltr' id='par_1_4' title="bbox 476 1384 2656 1471">
     <span class='ocr_line' id='line_1_8' title="bbox 476 1384 2656 1471; baseline 0 -21"><span class='ocrx_word' id='word_1_38' title='bbox 476 1405 481 1418; x_wconf 89' lang='lat'><em>·</em></span> <span class='ocrx_word' id='word_1_39' title='bbox 589 1385 1092 1452; x_wconf 85' lang='lat' dir='ltr'><strong>adumbraverit.</strong></span> <span class='ocrx_word' id='word_1_40' title='bbox 1178 1387 1356 1453; x_wconf 80' lang='lat' dir='ltr'><strong>Fieri</strong></span> <span class='ocrx_word' id='word_1_41' title='bbox 1396 1407 1530 1450; x_wconf 87' lang='lat' dir='ltr'><strong>non</strong></span> <span class='ocrx_word' id='word_1_42' title='bbox 1571 1384 1809 1471; x_wconf 89' lang='lat' dir='ltr'><strong>potuit,</strong></span> <span class='ocrx_word' id='word_1_43' title='bbox 1866 1387 2022 1471; x_wconf 84' lang='lat' dir='ltr'><strong>quin</strong></span> <span class='ocrx_word' id='word_1_44' title='bbox 2079 1385 2218 1451; x_wconf 84' lang='lat' dir='ltr'><strong>haee</strong></span> <span class='ocrx_word' id='word_1_45' title='bbox 2239 1395 2488 1451; x_wconf 73' lang='lat' dir='ltr'><strong>nostra</strong></span> <span class='ocrx_word' id='word_1_46' title='bbox 2525 1386 2656 1451; x_wconf 86' lang='lat' dir='ltr'><strong>dis-</strong></span> 
     </span>
    </p>
   </div>
   <div class='ocr_carea' id='block_1_4' title="bbox 585 1502 2662 1932">
    <p class='ocr_par' dir='ltr' id='par_1_5' title="bbox 585 1502 2662 1932">
     <span class='ocr_line' id='line_1_9' title="bbox 588 1502 2662 1594; baseline -0.001 -21"><span class='ocrx_word' id='word_1_47' title='bbox 588 1507 835 1594; x_wconf 86' lang='lat' dir='ltr'><strong>putatio</strong></span> <span class='ocrx_word' id='word_1_48' title='bbox 880 1506 1233 1593; x_wconf 73' lang='lat' dir='ltr'><strong>saepissime</strong></span> <span class='ocrx_word' id='word_1_49' title='bbox 1280 1506 1522 1572; x_wconf 83' lang='lat' dir='ltr'><strong>sentire</strong></span> <span class='ocrx_word' id='word_1_50' title='bbox 1567 1523 1688 1569; x_wconf 90' lang='lat' dir='ltr'><strong>nos</strong></span> <span class='ocrx_word' id='word_1_51' title='bbox 1734 1502 2021 1591; x_wconf 81' lang='lat' dir='ltr'><strong>juberet,</strong></span> <span class='ocrx_word' id='word_1_52' title='bbox 2068 1515 2377 1591; x_wconf 83' lang='lat' dir='ltr'><strong>quantum</strong></span> <span class='ocrx_word' id='word_1_53' title='bbox 2421 1505 2662 1571; x_wconf 79' lang='lat' dir='ltr'><strong>debea-</strong></span> 
     </span>
     <span class='ocr_line' id='line_1_10' title="bbox 585 1622 2660 1712; baseline -0.001 -21"><span class='ocrx_word' id='word_1_54' title='bbox 585 1649 729 1692; x_wconf 89' lang='lat' dir='ltr'><strong>mus</strong></span> <span class='ocrx_word' id='word_1_55' title='bbox 774 1624 1323 1712; x_wconf 75' lang='lat' dir='ltr'><strong>evangelistarum</strong></span> <span class='ocrx_word' id='word_1_56' title='bbox 1366 1622 1732 1707; x_wconf 79' lang='lat' dir='ltr'><strong>traditioni,</strong></span> <span class='ocrx_word' id='word_1_57' title='bbox 1792 1632 1858 1689; x_wconf 92' lang='lat' dir='ltr'><strong>et</strong></span> <span class='ocrx_word' id='word_1_58' title='bbox 1911 1644 2108 1710; x_wconf 85' lang='lat' dir='ltr'><strong>quam</strong></span> <span class='ocrx_word' id='word_1_59' title='bbox 2145 1645 2408 1709; x_wconf 85' lang='lat' dir='ltr'><strong>manea,</strong></span> <span class='ocrx_word' id='word_1_60' title='bbox 2465 1645 2660 1712; x_wconf 84' lang='lat' dir='ltr'><strong>quam</strong></span> 
     </span>
     <span class='ocr_line' id='line_1_11' title="bbox 587 1742 2661 1832; baseline -0.001 -21"><span class='ocrx_word' id='word_1_61' title='bbox 587 1747 973 1832; x_wconf 79' lang='lat' dir='ltr'><strong>imperfecta</strong></span> <span class='ocrx_word' id='word_1_62' title='bbox 1031 1743 1112 1807; x_wconf 89' lang='lat' dir='ltr'><strong>sit</strong></span> <span class='ocrx_word' id='word_1_63' title='bbox 1166 1744 1318 1808; x_wconf 72' lang='lat' dir='ltr'><strong>vitae</strong></span> <span class='ocrx_word' id='word_1_64' title='bbox 1361 1743 1527 1812; x_wconf 86' lang='lat' dir='ltr'><strong>Jesu</strong></span> <span class='ocrx_word' id='word_1_65' title='bbox 1571 1742 1815 1808; x_wconf 78' lang='lat' dir='ltr'><strong>Christi</strong></span> <span class='ocrx_word' id='word_1_66' title='bbox 1869 1744 2121 1828; x_wconf 84' lang='lat' dir='ltr'><strong>imago,</strong></span> <span class='ocrx_word' id='word_1_67' title='bbox 2181 1744 2235 1807; x_wconf 89' lang='lat' dir='ltr'><strong>si</strong></span> <span class='ocrx_word' id='word_1_68' title='bbox 2277 1744 2447 1808; x_wconf 85' lang='lat' dir='ltr'><strong>vivis</strong></span> <span class='ocrx_word' id='word_1_69' title='bbox 2490 1743 2661 1808; x_wconf 85' lang='lat' dir='ltr'><strong>illius</strong></span> 
     </span>
     <span class='ocr_line' id='line_1_12' title="bbox 587 1859 2659 1932; baseline -0.001 -2"><span class='ocrx_word' id='word_1_70' title='bbox 587 1863 951 1932; x_wconf 78' lang='lat' dir='ltr'><strong>traditionis</strong></span> <span class='ocrx_word' id='word_1_71' title='bbox 997 1859 1326 1927; x_wconf 82' lang='lat' dir='ltr'><strong>coloribus</strong></span> <span class='ocrx_word' id='word_1_72' title='bbox 1362 1860 1769 1928; x_wconf 73' lang='lat' dir='ltr'><strong>destituatur.</strong></span> <span class='ocrx_word' id='word_1_73' title='bbox 1856 1861 1949 1926; x_wconf 87' lang='lat' dir='ltr'><strong>At</strong></span> <span class='ocrx_word' id='word_1_74' title='bbox 1993 1861 2181 1927; x_wconf 85' lang='lat' dir='ltr'><strong>simul</strong></span> <span class='ocrx_word' id='word_1_75' title='bbox 2223 1862 2464 1929; x_wconf 79' lang='lat' dir='ltr'><strong>factum</strong></span> <span class='ocrx_word' id='word_1_76' title='bbox 2513 1886 2659 1929; x_wconf 89' lang='lat' dir='ltr'><strong>esse</strong></span> 
     </span>
    </p>
   </div>
   <div class='ocr_carea' id='block_1_5' title="bbox 468 1977 2660 2187">
    <p class='ocr_par' dir='ltr' id='par_1_6' title="bbox 468 1977 2660 2187">
     <span class='ocr_line' id='line_1_13' title="bbox 487 1977 2648 2070; baseline 0.002 -27"><span class='ocrx_word' id='word_1_77' title='bbox 487 2036 496 2043; x_wconf 94' lang='lat'><strong>.</strong></span> <span class='ocrx_word' id='word_1_78' title='bbox 584 1991 886 2070; x_wconf 84' lang='lat' dir='ltr'><strong>putamus</strong></span> <span class='ocrx_word' id='word_1_79' title='bbox 926 2003 1026 2066; x_wconf 93' lang='lat' dir='ltr'><strong>eo,</strong></span> <span class='ocrx_word' id='word_1_80' title='bbox 1064 1980 1245 2068; x_wconf 87' lang='lat' dir='ltr'><strong>quod</strong></span> <span class='ocrx_word' id='word_1_81' title='bbox 1290 1977 1642 2067; x_wconf 77' lang='lat' dir='ltr'><strong>diligenter</strong></span> <span class='ocrx_word' id='word_1_82' title='bbox 1681 1980 2064 2067; x_wconf 67' lang='lat' dir='ltr'><strong>collegimus</strong></span> <span class='ocrx_word' id='word_1_83' title='bbox 2100 1981 2300 2069; x_wconf 80' lang='lat' dir='ltr'><strong>atque</strong></span> <span class='ocrx_word' id='word_1_84' title='bbox 2337 1983 2407 2048; x_wconf 86' lang='lat' dir='ltr'><strong>in</strong></span> <span class='ocrx_word' id='word_1_85' title='bbox 2447 2003 2648 2050; x_wconf 82' lang='lat' dir='ltr'><strong>unum</strong></span> 
     </span>
     <span class='ocr_line' id='line_1_14' title="bbox 468 2098 2660 2187; baseline 0.001 -21"><span class='ocrx_word' id='word_1_86' title='bbox 468 2137 473 2140; x_wconf 82' lang='lat'>-</span> <span class='ocrx_word' id='word_1_87' title='bbox 590 2102 1041 2187; x_wconf 73' lang='lat' dir='ltr'><strong>conjuanmus</strong></span> <span class='ocrx_word' id='word_1_88' title='bbox 1088 2101 1303 2167; x_wconf 89' lang='lat' dir='ltr'><strong>omnia</strong></span> <span class='ocrx_word' id='word_1_89' title='bbox 1353 2098 1465 2172; x_wconf 83' lang='lat' dir='ltr'><strong>vel</strong></span> <span class='ocrx_word' id='word_1_90' title='bbox 1507 2098 1840 2164; x_wconf 78' lang='lat' dir='ltr'><strong>levissima</strong></span> <span class='ocrx_word' id='word_1_91' title='bbox 1881 2099 2165 2166; x_wconf 82' lang='lat' dir='ltr'><strong>historiae</strong></span> <span class='ocrx_word' id='word_1_92' title='bbox 2207 2102 2371 2168; x_wconf 86' lang='lat' dir='ltr'><strong>Jesu</strong></span> <span class='ocrx_word' id='word_1_93' title='bbox 2418 2101 2660 2168; x_wconf 81' lang='lat' dir='ltr'><strong>Christi</strong></span> 
     </span>
    </p>
   </div>
   <div class='ocr_carea' id='block_1_6' title="bbox 583 2217 2728 3732">
    <p class='ocr_par' dir='ltr' id='par_1_7' title="bbox 583 2217 2728 3732">
     <span class='ocr_line' id='line_1_15' title="bbox 587 2217 2658 2306; baseline 0 -22"><span class='ocrx_word' id='word_1_94' title='bbox 587 2221 895 2306; x_wconf 79' lang='lat' dir='ltr'><strong>vestigia,</strong></span> <span class='ocrx_word' id='word_1_95' title='bbox 955 2240 1100 2306; x_wconf 79' lang='lat' dir='ltr'><strong>quse</strong></span> <span class='ocrx_word' id='word_1_96' title='bbox 1144 2217 1388 2284; x_wconf 85' lang='lat' dir='ltr'><strong>Paulus</strong></span> <span class='ocrx_word' id='word_1_97' title='bbox 1431 2217 1790 2305; x_wconf 85' lang='lat' dir='ltr'><strong>Apostolus</strong></span> <span class='ocrx_word' id='word_1_98' title='bbox 1834 2218 2025 2284; x_wconf 82' lang='lat' dir='ltr'><strong>nobis</strong></span> <span class='ocrx_word' id='word_1_99' title='bbox 2068 2222 2375 2304; x_wconf 78' lang='lat' dir='ltr'><strong>servavit,</strong></span> <span class='ocrx_word' id='word_1_100' title='bbox 2419 2228 2491 2285; x_wconf 88' lang='lat' dir='ltr'><strong>ut</strong></span> <span class='ocrx_word' id='word_1_101' title='bbox 2533 2220 2658 2286; x_wconf 85' lang='lat' dir='ltr'><strong>ela-</strong></span> 
     </span>
     <span class='ocr_line' id='line_1_16' title="bbox 585 2335 2658 2426; baseline -0 -22"><span class='ocrx_word' id='word_1_102' title='bbox 585 2339 839 2404; x_wconf 81' lang='lat' dir='ltr'><strong>rissime</strong></span> <span class='ocrx_word' id='word_1_103' title='bbox 878 2347 1157 2426; x_wconf 85' lang='lat' dir='ltr'><strong>pateret,</strong></span> <span class='ocrx_word' id='word_1_104' title='bbox 1200 2335 1390 2423; x_wconf 83' lang='lat' dir='ltr'><strong>hujus</strong></span> <span class='ocrx_word' id='word_1_105' title='bbox 1435 2336 1721 2404; x_wconf 68' lang='lat' dir='ltr'><strong>historiae</strong></span> <span class='ocrx_word' id='word_1_106' title='bbox 1764 2347 1985 2423; x_wconf 83' lang='lat' dir='ltr'><strong>partes</strong></span> <span class='ocrx_word' id='word_1_107' title='bbox 2019 2340 2457 2424; x_wconf 80' lang='lat' dir='ltr'><strong>gravissimas,</strong></span> <span class='ocrx_word' id='word_1_108' title='bbox 2501 2338 2658 2404; x_wconf 87' lang='lat' dir='ltr'><strong>fidei</strong></span> 
     </span>
     <span class='ocr_line' id='line_1_17' title="bbox 586 2454 2654 2543; baseline 0.001 -23"><span class='ocrx_word' id='word_1_109' title='bbox 586 2465 824 2520; x_wconf 82' lang='lat' dir='ltr'><strong>nostrae</strong></span> <span class='ocrx_word' id='word_1_110' title='bbox 867 2454 1307 2540; x_wconf 83' lang='lat' dir='ltr'><strong>fundamenta,</strong></span> <span class='ocrx_word' id='word_1_111' title='bbox 1350 2454 1461 2520; x_wconf 80' lang='lat' dir='ltr'><strong>vel</strong></span> <span class='ocrx_word' id='word_1_112' title='bbox 1505 2454 1661 2521; x_wconf 85' lang='lat' dir='ltr'><strong>solis</strong></span> <span class='ocrx_word' id='word_1_113' title='bbox 1694 2454 1880 2521; x_wconf 80' lang='lat' dir='ltr'><strong>Pauli</strong></span> <span class='ocrx_word' id='word_1_114' title='bbox 1922 2455 2226 2543; x_wconf 84' lang='lat' dir='ltr'><strong>Apostoli</strong></span> <span class='ocrx_word' id='word_1_115' title='bbox 2267 2459 2654 2528; x_wconf 84' lang='lat' dir='ltr'><strong>testimoniis</strong></span> 
     </span>
     <span class='ocr_line' id='line_1_18' title="bbox 588 2571 2657 2663; baseline 0 -23"><span class='ocrx_word' id='word_1_116' title='bbox 588 2585 768 2642; x_wconf 83' lang='lat' dir='ltr'><strong>eerta</strong></span> <span class='ocrx_word' id='word_1_117' title='bbox 810 2583 1007 2663; x_wconf 78' lang='lat' dir='ltr'><strong>atque</strong></span> <span class='ocrx_word' id='word_1_118' title='bbox 1050 2573 1411 2639; x_wconf 75' lang='lat' dir='ltr'><strong>indubitata</strong></span> <span class='ocrx_word' id='word_1_119' title='bbox 1433 2571 1676 2659; x_wconf 62' lang='lat' dir='ltr'><strong>reddi,</strong></span> <span class='ocrx_word' id='word_1_120' title='bbox 1739 2574 2026 2663; x_wconf 80' lang='lat' dir='ltr'><strong>ideoque</strong></span> <span class='ocrx_word' id='word_1_121' title='bbox 2080 2575 2256 2642; x_wconf 89' lang='lat' dir='ltr'><strong>nullo</strong></span> <span class='ocrx_word' id='word_1_122' title='bbox 2301 2577 2452 2663; x_wconf 84' lang='lat' dir='ltr'><strong>jure</strong></span> <span class='ocrx_word' id='word_1_123' title='bbox 2508 2597 2657 2640; x_wconf 85' lang='lat' dir='ltr'><strong>con·</strong></span> 
     </span>
     <span class='ocr_line' id='line_1_19' title="bbox 585 2689 2656 2781; baseline -0.001 -19"><span class='ocrx_word' id='word_1_124' title='bbox 585 2695 784 2779; x_wconf 81' lang='lat' dir='ltr'><strong>tendi,</strong></span> <span class='ocrx_word' id='word_1_125' title='bbox 830 2714 1088 2759; x_wconf 89' lang='lat' dir='ltr'><strong>omnem</strong></span> <span class='ocrx_word' id='word_1_126' title='bbox 1132 2689 1376 2762; x_wconf 75' lang='lat' dir='ltr'><strong>Christi</strong></span> <span class='ocrx_word' id='word_1_127' title='bbox 1425 2692 1712 2759; x_wconf 69' lang='lat' dir='ltr'><strong>historiae</strong></span> <span class='ocrx_word' id='word_1_128' title='bbox 1758 2695 2196 2780; x_wconf 69' lang='lat' dir='ltr'><strong>cognitionem</strong></span> <span class='ocrx_word' id='word_1_129' title='bbox 2242 2715 2328 2759; x_wconf 83' lang='lat' dir='ltr'><strong>ex</strong></span> <span class='ocrx_word' id='word_1_130' title='bbox 2374 2715 2656 2781; x_wconf 83' lang='lat' dir='ltr'><strong>evange-</strong></span> 
     </span>
     <span class='ocr_line' id='line_1_20' title="bbox 585 2799 2660 2899; baseline 0.001 -21"><span class='ocrx_word' id='word_1_131' title='bbox 585 2799 875 2880; x_wconf 71' lang='lat' dir='ltr'><strong>listarum</strong></span> <span class='ocrx_word' id='word_1_132' title='bbox 942 2813 1323 2878; x_wconf 77' lang='lat' dir='ltr'><strong>auctoritate</strong></span> <span class='ocrx_word' id='word_1_133' title='bbox 1377 2810 1672 2898; x_wconf 85' lang='lat' dir='ltr'><strong>pendere</strong></span> <span class='ocrx_word' id='word_1_134' title='bbox 1688 2814 1763 2899; x_wconf 85' lang='lat'><strong>¹).</strong></span> <span class='ocrx_word' id='word_1_135' title='bbox 1851 2813 2001 2894; x_wconf 75' lang='lat' dir='ltr'><strong>Quo</strong></span> <span class='ocrx_word' id='word_1_136' title='bbox 2066 2814 2278 2880; x_wconf 86' lang='lat' dir='ltr'><strong>minus</strong></span> <span class='ocrx_word' id='word_1_137' title='bbox 2343 2813 2660 2880; x_wconf 79' lang='lat' dir='ltr'><strong>suecessit</strong></span> 
     </span>
     <span class='ocr_line' id='line_1_21' title="bbox 589 2927 2658 3017; baseline -0.001 -20"><span class='ocrx_word' id='word_1_138' title='bbox 589 2933 738 2997; x_wconf 86' lang='lat' dir='ltr'><strong>erisi</strong></span> <span class='ocrx_word' id='word_1_139' title='bbox 782 2927 1136 2997; x_wconf 68' lang='lat' dir='ltr'><strong>incredulae</strong></span> <span class='ocrx_word' id='word_1_140' title='bbox 1150 2978 1170 3016; x_wconf 90' lang='lat'>‚</span> <span class='ocrx_word' id='word_1_141' title='bbox 1212 2929 1399 2995; x_wconf 83' lang='lat' dir='ltr'><strong>Pauli</strong></span> <span class='ocrx_word' id='word_1_142' title='bbox 1442 2930 1745 3017; x_wconf 86' lang='lat' dir='ltr'><strong>Apostoli</strong></span> <span class='ocrx_word' id='word_1_143' title='bbox 1787 2933 2236 2999; x_wconf 78' lang='lat' dir='ltr'><strong>auctoritatem</strong></span> <span class='ocrx_word' id='word_1_144' title='bbox 2282 2932 2658 2998; x_wconf 78' lang='lat' dir='ltr'><strong>historicam</strong></span> 
     </span>
     <span class='ocr_line' id='line_1_22' title="bbox 589 3048 2655 3138; baseline -0 -22"><span class='ocrx_word' id='word_1_145' title='bbox 589 3051 846 3137; x_wconf 83' lang='lat' dir='ltr'><strong>seriptis</strong></span> <span class='ocrx_word' id='word_1_146' title='bbox 890 3050 1023 3115; x_wconf 90' lang='lat' dir='ltr'><strong>suis</strong></span> <span class='ocrx_word' id='word_1_147' title='bbox 1068 3048 1324 3135; x_wconf 79' lang='lat' dir='ltr'><strong>delere,</strong></span> <span class='ocrx_word' id='word_1_148' title='bbox 1385 3071 1464 3115; x_wconf 89' lang='lat' dir='ltr'><strong>eo</strong></span> <span class='ocrx_word' id='word_1_149' title='bbox 1508 3051 1774 3137; x_wconf 85' lang='lat' dir='ltr'><strong>majoris</strong></span> <span class='ocrx_word' id='word_1_150' title='bbox 1828 3051 2136 3138; x_wconf 83' lang='lat' dir='ltr'><strong>ponderis</strong></span> <span class='ocrx_word' id='word_1_151' title='bbox 2196 3071 2341 3117; x_wconf 87' lang='lat' dir='ltr'><strong>esse</strong></span> <span class='ocrx_word' id='word_1_152' title='bbox 2387 3049 2655 3116; x_wconf 83' lang='lat' dir='ltr'><strong>arbitra-</strong></span> 
     </span>
     <span class='ocr_line' id='line_1_23' title="bbox 586 3163 2728 3256; baseline 0 -23"><span class='ocrx_word' id='word_1_153' title='bbox 586 3189 759 3252; x_wconf 81' lang='lat' dir='ltr'><strong>mur,</strong></span> <span class='ocrx_word' id='word_1_154' title='bbox 806 3190 906 3253; x_wconf 87' lang='lat' dir='ltr'><strong>ea,</strong></span> <span class='ocrx_word' id='word_1_155' title='bbox 952 3189 1098 3256; x_wconf 78' lang='lat' dir='ltr'><strong>quse</strong></span> <span class='ocrx_word' id='word_1_156' title='bbox 1141 3163 1297 3232; x_wconf 75' lang='lat' dir='ltr'><strong>fidei</strong></span> <span class='ocrx_word' id='word_1_157' title='bbox 1338 3171 1716 3234; x_wconf 81' lang='lat' dir='ltr'><strong>necessaria</strong></span> <span class='ocrx_word' id='word_1_158' title='bbox 1758 3179 1912 3238; x_wconf 90' lang='lat' dir='ltr'><strong>sunt</strong></span> <span class='ocrx_word' id='word_1_159' title='bbox 1947 3194 2034 3236; x_wconf 86' lang='lat' dir='ltr'><strong>ex</strong></span> <span class='ocrx_word' id='word_1_160' title='bbox 2076 3171 2346 3236; x_wconf 82' lang='lat' dir='ltr'><strong>historia</strong></span> <span class='ocrx_word' id='word_1_161' title='bbox 2390 3168 2650 3253; x_wconf 83' lang='lat' dir='ltr'><strong>Christi,</strong></span> <span class='ocrx_word' id='word_1_162' title='bbox 2719 3202 2728 3208; x_wconf 94' lang='lat'>·</span> 
     </span>
     <span class='ocr_line' id='line_1_24' title="bbox 584 3284 2652 3377; baseline 0 -25"><span class='ocrx_word' id='word_1_163' title='bbox 584 3286 693 3352; x_wconf 81' lang='lat' dir='ltr'><strong>vel</strong></span> <span class='ocrx_word' id='word_1_164' title='bbox 737 3287 936 3352; x_wconf 91' lang='lat' dir='ltr'><strong>solius</strong></span> <span class='ocrx_word' id='word_1_165' title='bbox 978 3284 1166 3351; x_wconf 89' lang='lat' dir='ltr'><strong>Pauli</strong></span> <span class='ocrx_word' id='word_1_166' title='bbox 1205 3286 1509 3373; x_wconf 89' lang='lat' dir='ltr'><strong>Apostoli</strong></span> <span class='ocrx_word' id='word_1_167' title='bbox 1562 3290 1943 3355; x_wconf 82' lang='lat' dir='ltr'><strong>auctoritate</strong></span> <span class='ocrx_word' id='word_1_168' title='bbox 1999 3289 2243 3356; x_wconf 83' lang='lat' dir='ltr'><strong>munita</strong></span> <span class='ocrx_word' id='word_1_169' title='bbox 2286 3298 2482 3377; x_wconf 81' lang='lat' dir='ltr'><strong>atque</strong></span> <span class='ocrx_word' id='word_1_170' title='bbox 2527 3297 2652 3353; x_wconf 87' lang='lat' dir='ltr'><strong>sta-</strong></span> 
     </span>
     <span class='ocr_line' id='line_1_25' title="bbox 583 3404 2649 3496; baseline 0 -26"><span class='ocrx_word' id='word_1_171' title='bbox 583 3404 766 3470; x_wconf 82' lang='lat' dir='ltr'><strong>bilita</strong></span> <span class='ocrx_word' id='word_1_172' title='bbox 802 3404 1171 3472; x_wconf 77' lang='lat' dir='ltr'><strong>ostendere.</strong></span> <span class='ocrx_word' id='word_1_173' title='bbox 1240 3405 1498 3473; x_wconf 84' lang='lat' dir='ltr'><strong>Sentiet</strong></span> <span class='ocrx_word' id='word_1_174' title='bbox 1533 3409 1829 3496; x_wconf 88' lang='lat' dir='ltr'><strong>quisque,</strong></span> <span class='ocrx_word' id='word_1_175' title='bbox 1872 3408 1952 3474; x_wconf 88' lang='lat' dir='ltr'><strong>iis</strong></span> <span class='ocrx_word' id='word_1_176' title='bbox 1984 3407 2116 3473; x_wconf 82' lang='lat' dir='ltr'><strong>fide</strong></span> <span class='ocrx_word' id='word_1_177' title='bbox 2152 3409 2459 3495; x_wconf 78' lang='lat' dir='ltr'><strong>acceptis,</strong></span> <span class='ocrx_word' id='word_1_178' title='bbox 2505 3429 2649 3494; x_wconf 77' lang='lat' dir='ltr'><strong>quse</strong></span> 
     </span>
     <span class='ocr_line' id='line_1_26' title="bbox 583 3519 2648 3614; baseline 0.001 -26"><span class='ocrx_word' id='word_1_179' title='bbox 583 3523 707 3589; x_wconf 86' lang='lat' dir='ltr'><strong>hoe</strong></span> <span class='ocrx_word' id='word_1_180' title='bbox 753 3519 1144 3609; x_wconf 84' lang='lat' dir='ltr'><strong>certissimo,</strong></span> <span class='ocrx_word' id='word_1_181' title='bbox 1186 3522 1548 3592; x_wconf 81' lang='lat' dir='ltr'><strong>indubitato</strong></span> <span class='ocrx_word' id='word_1_182' title='bbox 1603 3527 1971 3592; x_wconf 87' lang='lat' dir='ltr'><strong>testimonio</strong></span> <span class='ocrx_word' id='word_1_183' title='bbox 2016 3527 2396 3614; x_wconf 83' lang='lat' dir='ltr'><strong>Apostolieo</strong></span> <span class='ocrx_word' id='word_1_184' title='bbox 2443 3526 2648 3591; x_wconf 86' lang='lat' dir='ltr'><strong>nitan-</strong></span> 
     </span>
     <span class='ocr_line' id='line_1_27' title="bbox 584 3629 2650 3732; baseline 0.002 -26"><span class='ocrx_word' id='word_1_185' title='bbox 584 3651 717 3727; x_wconf 89' lang='lat' dir='ltr'><strong>tur,</strong></span> <span class='ocrx_word' id='word_1_186' title='bbox 770 3643 1140 3708; x_wconf 85' lang='lat' dir='ltr'><strong>innumeras</strong></span> <span class='ocrx_word' id='word_1_187' title='bbox 1186 3642 1600 3712; x_wconf 83' lang='lat' dir='ltr'><strong>difficultates</strong></span> <span class='ocrx_word' id='word_1_188' title='bbox 1648 3667 2076 3731; x_wconf 85' lang='lat' dir='ltr'><strong>evanescere,</strong></span> <span class='ocrx_word' id='word_1_189' title='bbox 2122 3629 2318 3732; x_wconf 74' lang='lat' dir='ltr'><strong>quas,</strong></span> <span class='ocrx_word' id='word_1_190' title='bbox 2363 3644 2493 3710; x_wconf 78' lang='lat' dir='ltr'><strong>fide</strong></span> <span class='ocrx_word' id='word_1_191' title='bbox 2538 3643 2650 3710; x_wconf 76' lang='lat' dir='ltr'><strong>illa</strong></span> 
     </span>
    </p>
   </div>
   <div class='ocr_carea' id='block_1_7' title="bbox 621 4048 2646 4209">
    <p class='ocr_par' dir='ltr' id='par_1_8' title="bbox 621 4048 2646 4209">
     <span class='ocr_line' id='line_1_28' title="bbox 621 4048 2646 4119; baseline 0.001 -16"><span class='ocrx_word' id='word_1_192' title='bbox 621 4048 672 4118; x_wconf 85' lang='lat'><strong>¹)</strong></span> <span class='ocrx_word' id='word_1_193' title='bbox 717 4051 867 4116; x_wconf 83' lang='lat' dir='ltr'><strong>Quod</strong></span> <span class='ocrx_word' id='word_1_194' title='bbox 896 4052 1164 4105; x_wconf 79' lang='lat' dir='ltr'><strong>contendit</strong></span> <span class='ocrx_word' id='word_1_195' title='bbox 1191 4054 1324 4105; x_wconf 80' lang='lat' dir='ltr'><strong>inter</strong></span> <span class='ocrx_word' id='word_1_196' title='bbox 1351 4053 1481 4107; x_wconf 73' lang='lat' dir='ltr'><strong>alios</strong></span> <span class='ocrx_word' id='word_1_197' title='bbox 1508 4052 1565 4107; x_wconf 89' lang='lat' dir='ltr'><strong>F.</strong></span> <span class='ocrx_word' id='word_1_198' title='bbox 1598 4049 1735 4106; x_wconf 76' lang='lat' dir='ltr'><strong>chr.</strong></span> <span class='ocrx_word' id='word_1_199' title='bbox 1766 4054 1949 4119; x_wconf 78' lang='lat' dir='ltr'><strong>Baur,</strong></span> <span class='ocrx_word' id='word_1_200' title='bbox 1978 4051 2226 4107; x_wconf 80' lang='lat' dir='ltr'><strong>kritische</strong></span> <span class='ocrx_word' id='word_1_201' title='bbox 2248 4052 2646 4108; x_wconf 80' lang='lat' dir='ltr'><strong>Untersuchuu-</strong></span> 
     </span>
     <span class='ocr_line' id='line_1_29' title="bbox 714 4135 1992 4209; baseline 0.003 -22"><span class='ocrx_word' id='word_1_202' title='bbox 714 4153 816 4207; x_wconf 81' lang='lat' dir='ltr'><strong>gen</strong></span> <span class='ocrx_word' id='word_1_203' title='bbox 843 4135 975 4188; x_wconf 73' lang='lat' dir='ltr'><strong>uber</strong></span> <span class='ocrx_word' id='word_1_204' title='bbox 1001 4138 1053 4190; x_wconf 82' lang='lat' dir='ltr'><strong>d.</strong></span> <span class='ocrx_word' id='word_1_205' title='bbox 1076 4137 1436 4193; x_wconf 78' lang='lat' dir='ltr'><strong>kanonischeu</strong></span> <span class='ocrx_word' id='word_1_206' title='bbox 1463 4139 1806 4206; x_wconf 75' lang='lat' dir='ltr'><strong>Evangelien,</strong></span> <span class='ocrx_word' id='word_1_207' title='bbox 1833 4157 1883 4209; x_wconf 79' lang='lat' dir='ltr'><strong>p.</strong></span> <span class='ocrx_word' id='word_1_208' title='bbox 1910 4139 1992 4198; x_wconf 72' lang='lat'><strong>71.</strong></span> 
     </span>
    </p>
   </div>
  </div>
 </body>
</html>
