3034 4759
1346 347 1426 412 51

354 525 707 639 paritionis'
749 573 833 617 an
888 551 1147 618 disertis
1204 550 1427 632 verbis
1466 553 1865 620 mentionem
1918 552 2195 620 fecerint
2237 563 2430 623 evan*

355 671 642 757 gelistae,
712 671 976 736 dubium
1031 670 1322 737 videtur:
1389 693 1522 735 non
1578 672 1749 736 enim
1792 672 2022 756 video,
2090 695 2217 761 quo
2274 677 2429 763 jure

352 789 676 855 Ebrard
731 786 1379 875 (wiss'enschaffliche
1444 790 1667 858 Krffik
1732 790 1852 858 der
1920 793 2427 878 evangelischen

318 930 331 938 ·
356 908 746 974 Geschichte
795 909 912 973 lst.
961 907 1084 972 Th.
1130 932 1194 995 p.
1243 908 1426 996 733),
1492 910 1868 976 Matthmm
1915 911 2060 996 (28,
2109 912 2210 977 l&
2273 914 2422 984 coll.

349 1052 413 1094 v.
468 1021 537 1112 7)
602 1026 901 1113 ejusdem
965 1028 1065 1091 rei
1112 1037 1350 1094 testem
1403 1030 1770 1094 constituat.
1869 1029 2301 1098 Desidet-atur
2353 1034 2426 1099 in

349 1145 828 1211 narrationibus
895 1146 1324 1231 evangelicis,
1388 1149 1704 1235 imprimis
1771 1148 1949 1235 apud
2000 1150 2295 1216 Marcum
2360 1161 2426 1217 et

348 1267 591 1335 Lucam
609 1315 626 1350 ,
695 1287 776 1330 ea
819 1264 1142 1351 ἀκρίβεια,
1203 1288 1348 1353 quae
1393 1268 1649 1354 singula
1691 1269 2129 1356 apparationis
2176 1268 2422 1338 Christi

348 1394 677 1451 momenta
718 1394 1020 1451 accurate
1068 1383 1451 1473 distinguat:
1499 1379 1701 1475 quare
1744 1409 1877 1452 non
1923 1389 2171 1473 mirum,
2216 1390 2426 1457 verba

230 1521 239 1528 '
344 1503 532 1570 Pauli
574 1503 905 1569 traditioni
950 1504 1351 1590 evangelicae
1388 1508 1753 1572 accuratius
1789 1506 2175 1574 definiendae
2219 1531 2420 1595 posse

343 1624 680 1689 inservire.
771 1624 874 1689 Ita
908 1623 1152 1688 Paulus
1197 1646 1457 1711 queque
1503 1625 1680 1690 solus
1721 1636 2183 1693 commemorat
2221 1651 2422 1719 appa-

345 1745 647 1810 ritionem
693 1743 934 1809 Christi
991 1725 1211 1807 corani
1266 1743 1519 1809 Jacobo
1551 1746 1671 1831 ἱ(γ.
1721 1744 1819 1830 7):
1878 1766 2011 1809 non
2057 1748 2228 1812 enim
2270 1747 2421 1813 lice.

344 1864 455 1948 bit,
501 1861 747 1928 hancce
784 1863 1274 1950 apparitionem,
1321 1873 1392 1929 ut
1425 1863 1796 1931 Wieselero
1839 1863 2099 1951 placuit,
2144 1866 2231 1931 ad
2256 1843 2417 1933 Luci

342 1982 459 2067 24,
521 1984 599 2050 13
646 2003 788 2069 sqq.
834 1982 1113 2066 referre,
1169 1984 1260 2046 ita
1300 1991 1374 2046 ut
1429 1985 1841 2076 conjiciatur,
1883 1984 2063 2049 illum
2108 1988 2418 2055 Kalama

345 2101 521 2189 apud
564 2102 812 2167 Lucam
857 2101 948 2186 (v.
999 2100 1125 2189 18)·
1165 2095 1446 2166 eundem
1491 2123 1637 2167 esse
1684 2125 1762 2168 ac
1807 2107 2097 2171 Κλωπᾶν
2135 2104 2286 2170 Joh.
2315 2107 2415 2189 19,

341 2221 445 2305 25,
490 2222 759 2307 ejusque
805 2221 1107 2285 comitem
1149 2220 1350 2285 fuisse
1395 2221 1598 2287 filium
1642 2222 1686 2286 J
1688 2222 1967 2289 acobum
2010 2228 2121 2292 τοῦ
2162 2226 2413 2293 Κλωπᾶ·

341 2340 382 2404 i.
430 2361 488 2404 e.
532 2347 644 2408 τοῦ
671 2343 998 2426 Αλφωίου.
1055 2340 1248 2405 Patet
1291 2340 1480 2425 enim,
1528 2363 1722 2429 quam
1761 2342 2105 2409 arbitraria
2147 2345 2231 2410 sit
2271 2344 2412 2410 haec

340 2458 679 2545 multiplex
725 2460 1131 2544 conjectura,
1186 2469 1254 2525 et
1297 2483 1487 2547 quam
1545 2484 1775 2548 parum
1831 2470 2148 2549 congruat
2190 2462 2413 2529 verbis

342 2578 763 2664 evangelistae
803 2575 994 2663 (Luc.
1014 2557 1153 2661 '242
1187 2579 1319 2665 33).
1388 2583 1552 2647 Εἶτα
1581 2619 1670 2628 —-
1699 2582 1918 2667 pergu't
1950 2582 2308 2668 Apostolus
2329 2619 2414 2633 --

337 2699 538 2786 ὤφθη
602 2711 730 2776 τοῖς
797 2696 1178 2779 α’ποστόλοις
1240 2704 1463 2769 πᾶσιν.
1574 2700 1736 2781 Quae
1795 2699 2036 2764 Christi
2093 2702 2410 2788 apparitio

341 2819 479 2882 sine
529 2815 726 2883 dubio
772 2817 980 2883 finivit
1023 2818 1278 2885 visibile
1324 2841 1470 2894 cum
1502 2818 1840 2905 Apostolis
1886 2820 2301 2903 consortium,
2348 2830 2414 2885 et

338 2938 636 3022 proxime
682 2939 1035 3004 antecessit
1082 2937 1322 3003 Christi
1365 2939 1433 3002 in
1480 2937 1701 3002 coelos
1746 2937 2166 3002 adscensum:
2228 2938 2412 3024 quus

339 3055 761 3142 apparitionis
852 3057 1255 3120 mentionem
1333 3056 1534 3141 igitur
1618 3055 1862 3119 faciunt
1929 3054 2190 3120 Marcus
2281 3057 2410 3142 (16,

343 3172 618 3257 14-19)
677 3182 743 3237 et
783 3175 998 3239 Lucas
1058 3174 1202 3260 (24,
1265 3173 1547 3260 36—51)
1616 3173 2068 3259 evangelistae,
2126 3173 2279 3238 licet
2341 3176 2410 3238 in

339 3288 501 3354 locis
549 3290 758 3355 citatis
817 3292 882 3354 in
939 3313 1135 3358 unum
1195 3292 1533 3379 colligant,
1602 3315 1745 3380 quae
1805 3291 2263 3379 distinguenda
2319 3294 2410 3358 vi-

338 3408 594 3476 dentur.
648 3410 1026 3484 ,Matthaeus
1074 3432 1331 3499 quoque
1395 3411 1539 3496 (28,
1610 3413 1688 3477 16
1743 3411 1920 3498 sqq.)
1978 3410 2153 3476 haud
2210 3410 2406 3476 dubie

335 3527 617 3612 tradidit,
676 3551 821 3618 quae
867 3528 953 3594 ad
995 3529 1163 3594 hanc
1206 3529 1491 3595 ultimam
1536 3525 2010 3616 apparitionem
2054 3537 2201 3593 sunt
2242 3530 2408 3593 refe-

334 3644 568 3731 renda,
624 3646 777 3714 licet
817 3645 883 3711 in
929 3649 1068 3736 ejus
1112 3648 1591 3714 narrationibus
1638 3670 1717 3712 ea
1774 3670 2030 3735 quoque
2076 3649 2407 3713 invenian-

333 3775 470 3850 tur,
541 3788 685 3853 quse
743 3768 811 3830 in
866 3768 1042 3833 illam
1098 3767 1421 3855 quadrare
1485 3788 1619 3830 non
1674 3765 2009 3831 videntur:
2074 3766 2405 3852 imprimis,

341 3884 517 3971 quod
561 3886 627 3950 in
674 3883 945 3951 Galilaea
989 3886 1080 3974 (v.
1132 3885 1237 3973 16)
1281 3885 1632 3951 Dominum
1676 3884 1867 3950 nobis
1915 3885 2080 3949 sistit
2119 3886 2403 3966 narratio

334 4004 681 4097 Matthaei,
721 4027 917 4096 quum
970 4015 1189 4098 tamen
1243 4006 1578 4070 Bethaniae
1638 4025 1784 4068 eum
1843 4002 2173 4090 discipulis
2228 4004 2403 4069 vale-

1945 4272 2008 4330 4..
