3034 4759
1348 321 1432 386 23

352 522 854 609 comprehensa,
921 545 1048 610 quo
1095 525 1247 610 jure
1294 523 1539 589 Christi
1578 522 1845 590 historia
1897 526 1977 591 iis
2034 527 2163 593 dici
2219 531 2427 616 possit

352 642 747 707 adumbrari.

523 760 720 841 Quod
762 760 848 825 ad
894 759 1279 847 specialiora
1322 762 1472 827 vitae
1519 762 1762 829 Christi
1804 774 2133 831 momenta
2175 767 2424 852 attinet,

346 887 555 966 patet,
619 881 688 944 in
733 879 1023 966 epistolis
1066 880 1254 945 Pauli
1310 881 1619 966 eundem,
1683 905 1878 970 quem
1922 906 2011 948 ex
2054 885 2414 970 evangeliis

346 1000 771 1084 cognovimus
829 999 1158 1065 hominum
1212 999 1467 1085 cyclum
1527 1000 1786 1066 Christo
1848 1001 2288 1087 addictorum,
2352 1004 2421 1070 in

344 1116 468 1182 illis
515 1139 775 1205 quoque
819 1118 1010 1183 nobis
1073 1118 1333 1183 obviam
1390 1119 1553 1183 fieri.
1664 1118 2131 1205 Apostolorum
2177 1121 2419 1190 Christi

348 1239 583 1323 saepius
627 1239 1022 1303 mentionem
1063 1236 1238 1301 facit.
1325 1237 1646 1330 Loquitur
1684 1237 1767 1302 de
1811 1238 1890 1302 iis
1931 1239 2001 1303 in
2043 1240 2417 1307 universum

342 1356 410 1442 (1
460 1355 614 1420 Cor.
659 1356 730 1440 9,
774 1355 834 1420 5.
885 1354 983 1439 15,
1032 1355 1129 1442 7),
1192 1355 1274 1420 de
1320 1378 1547 1421 eorum
1589 1379 1858 1422 munere
1905 1356 2241 1445 divinitus,
2299 1383 2420 1446 per

343 1476 671 1542 Christum
713 1476 1004 1540 instituto
1068 1474 1131 1560 (1
1183 1474 1335 1539 Cor.
1389 1477 1497 1559 12,
1560 1476 1663 1540 28.
1709 1475 1879 1562 Eph.
1930 1476 2002 1560 4,
2065 1478 2169 1558 11)
2222 1487 2289 1543 et
2332 1479 2415 1544 de

337 1594 527 1682 hujus
569 1595 855 1660 muneris
888 1594 1267 1679 praestantia
1312 1602 1508 1680 atque
1554 1594 1937 1658 auctoritate
1984 1595 2180 1680 (Eph.
2206 1601 2264 1679 2,
2300 1597 2407 1661 20.

334 1717 397 1799 3,
430 1714 531 1800 5),
576 1713 859 1801 loquitur
904 1711 987 1776 de
1031 1711 1342 1799 apostolis
1389 1712 1920 1779 antecessoribus
1966 1714 2099 1778 suis
2145 1713 2238 1799 (οἳ
2278 1714 2408 1802 noo*

335 1835 495 1920 ἐμοῦ
535 1831 919 1914 ἀπόστολοι,
988 1830 1132 1896 Gal.
1181 1830 1247 1914 l,
1308 1831 1447 1916 17),
1516 1853 1870 1919 eorumque
1915 1854 2253 1898 numerum
2297 1835 2409 1898 ex.-

332 1974 560 2041 presse
605 1952 808 2016 refert
850 1949 942 2035 (οἳ
983 1950 1253 2027 δώδεκα,
1299 1951 1330 2013 1
1372 1948 1527 2014 Cor.
1567 1950 1666 2033 15,
1702 1950 1793 2032 5).
1892 1950 2126 2040 Neque
2169 1953 2239 2016 in
2281 1951 2407 2017 hoc

334 2071 654 2154 subsistit,
723 2068 843 2133 sed
901 2068 1052 2132 data
1097 2068 1438 2134 occasione
1496 2089 1584 2131 ex
1625 2067 2088 2154 Apostolorum
2129 2091 2399 2136 numero

332 2169 681 2258 nonnullos
718 2185 1065 2274 specialius
1100 2194 1580 2271 commemorat,
1623 2188 1889 2252 Pctrum
1924 2186 2173 2254 scilicet
2203 2197 2400 2274 atque

330 2310 682 2393 Joannem,
729 2305 1029 2390 eosdem,
1075 2325 1350 2391 quorum
1392 2306 1658 2370 nomina
1700 2305 2057 2373 secundum
2109 2328 2206 2390 ea,
2254 2329 2398 2394 quae

331 2427 589 2492 aliunde
659 2426 1118 2511 cognovimus,
1199 2426 1394 2490 etiam
1450 2446 1589 2511 prae
1658 2427 1893 2491 ceteris
1953 2428 2403 2514 exspectanda

332 2555 570 2611 essent.
661 2545 827 2611 Sunt
865 2544 1035 2608 enim
1080 2543 1143 2609 οἳ
1186 2544 1519 2644 δοκοῦντες
1563 2549 1776 2613 στύλοι
1820 2549 1988 2613 εἶναι
2023 2545 2197 2633 (Gal.
2222 2547 2282 2630 2,
2306 2547 2397 2631 9).

218 2681 225 2686 ·
330 2664 440 2729 Ex
497 2663 730 2751 quibus
785 2663 1020 2727 Petrus
1089 2660 1263 2747 (Gal.
1315 2662 1381 2746 l,
1446 2662 1545 2726 18.
1590 2664 1660 2747 2,
1720 2663 1777 2727 7.
1823 2662 1883 2726 8.
1945 2664 2041 2727 11.
2092 2662 2200 2748 14)
2257 2665 2397 2729 sive

332 2786 569 2871 Κηφᾶς
613 2782 679 2869 (1
718 2781 994 2865 Cor.⁴l,-
1024 2781 1123 2845 12.
1169 2781 1229 2864 3,
1271 2780 1374 2844 22.
1414 2780 1473 2864 9,
1518 2780 1581 2845 5.
1632 2780 1728 2866 15,
1772 2780 1833 2846 5.
1883 2780 2026 2848 Gal.
2071 2782 2132 2865 2,
2176 2780 2245 2866 9)
2294 2780 2402 2845 de-

326 2899 634 2968 scribitur
674 2909 748 2966 ut
788 2902 976 2987 φύσει
1018 2900 1310 2978 Ιουδατος
1356 2899 1532 2984 (Gal.
1578 2901 1639 2985 2,
1675 2900 1774 2966 14.
1824 2897 1966 2986 15);
2014 2921 2399 2968 commemo-

326 3030 506 3087 ratur
548 3029 618 3085 ut
657 3020 843 3085 testis
889 3017 1235 3103 singularis
1278 3019 1790 3083 resurrectionis.
1827 3017 2070 3083 Christi
2127 3019 2191 3104 (1
2243 3019 2397 3084 Cor.
2485 3026 2494 3036 '

331 3140 441 3224 15,
484 3139 546 3205 5.
594 3137 737 3203 coll.
781 3138 943 3203 Luc.
990 3137 1110 3221 24,
1163 3137 1307 3221 34),
1375 3138 1648 3224 ejusque
1691 3138 2168 3204 matrimonium
2211 3159 2401 3222 argu-

325 3256 835 3324 mentationibus
874 3254 1162 3322 Paulinis
1210 3257 1274 3342 (l
1325 3255 1480 3321 Cor.
1527 3256 1588 3340 9,
1632 3255 1693 3320 5.
1742 3254 1887 3320 coll.
1933 3254 2160 3320 Matth.
2198 3255 2258 3339 8,
2298 3255 2396 3321 14.

326 3377 489 3443 Mrc.
541 3376 609 3460 1,·
652 3374 756 3440 30.
800 3375 960 3440 Luc.
1005 3373 1077 3458 4,
1120 3374 1238 3439 38:
1298 3374 1339 3460 ἦ
1381 3373 1682 3461 πενθεροὶ
1730 3373 1955 3456 adrev,
2004 3396 2088 3438 ex
2130 3374 2401 3441 nonnul-

327 3494 537 3560 lorum
568 3494 1103 3580 interpretatione
1140 3493 1335 3558 etiam
1363 3494 1390 3557 1
1424 3494 1602 3559 Petr.
1639 3492 1700 3577 5,
1727 3493 1835 3557 13:
1878 3494 2154 3577 Μάρκος
2192 3491 2233 3561 ὅ
2262 3493 2398 3572 υἱός

323 3612 473 3701 μου)
521 3621 708 3678 extra
755 3612 1021 3678 dubium
1063 3613 1324 3699 ponitur
1369 3611 1514 3698 (cfr.
1540 3611 1786 3679 Euseb.
1811 3610 1955 3677 hist.
1996 3611 2153 3676 eccl.
2178 3611 2237 3694 3,
2262 3610 2395 3696 30).

501 3729 696 3811 Quod
740 3730 826 3795 ad
866 3730 1190 3797 Jacobum
1233 3732 1494 3817 attinet,
1566 3731 1676 3817 qui
1719 3730 1865 3796 loco
1908 3729 2173 3795 laudato
2219 3729 2395 3814 (Gal.

316 3850 396 3934 62,
441 3848 510 3937 9)
558 3848 747 3913 simul
790 3871 937 3914 cum
978 3851 1178 3917 Petro
1227 3858 1293 3914 et
1334 3850 1592 3916 Jeanne
1637 3851 1714 3915 iis
1762 3858 2239 3934 annumeratur,
2286 3851 2396 3937 qui

325 3967 620 4034 ecclesiae
686 3968 897 4036 στύλοι
963 3966 1315 4054 habentur,
1396 3971 1789 4056 interpretes
1847 3990 1994 4033 eum
2051 3962 2250 4055 vulgo
2311 3992 2397 4034 ex

327 4086 795 4175 Apostolorum
851 4084 1078 4152 ordine
1133 4087 1335 4156 fuisse
1391 4089 1782 4154 existimant.
1861 4081 2233 4172 ‘Difficilius
2280 4098 2396 4182 est,
