3034 4759
1615 327 1700 394 52

630 540 896 622 dixisse,
943 537 1033 601 ex
1076 531 1421 619 evangelio
1466 534 1663 600 Lucae
1713 530 1978 616 (24,50)
2021 545 2298 596 necesse
2341 529 2427 598 sit
2468 535 2706 602 statua-

626 667 732 724 tm·
776 655 951 743 (coll.
999 654 1147 720 Act.
1196 656 1252 737 1,
1304 653 1367 718 4.
1417 651 1617 738 12)1).

798 774 994 857 Quod
1038 773 1319 859 denique
1364 770 1607 837 Paulus
1653 770 1719 856 (l
1758 769 1911 836 Cor.
1951 768 2050 852 15,
2086 767 2158 854 8)
2202 770 2536 838 continuat
2580 776 2704 842 usn

627 895 950 964 ὅπωσιῶν
993 899 1110 962 τοῦ
1151 898 1361 977 κυρίου
1402 889 1769 973 historiam,
1826 909 2025 974 quum
2067 887 2263 954 etiam
2309 886 2434 954 sibi
2476 889 2701 956 Domi-

626 1037 779 1079 num
836 1010 1217 1099 apparuisse
1264 1009 1544 1075 affirmet
1600 1009 1671 1079 ὃν
1726 1012 1800 1102 τῇ
1854 1004 2128 1095 οὕρανίῳ
2181 1004 2463 1093 ὀπτασίᾳ
2519 995 2730 1097 (Act.⁴

625 1133 729 1217 26,
777 1129 885 1218 19)
921 1169 1005 1180 —-
1040 1131 1223 1218 cujus
1267 1130 1366 1196 rei
1408 1127 1585 1215 apud
1617 1128 1865 1196 Lucam
1909 1125 2222 1194 habemus
2261 1129 2701 1198 narrationem

630 1261 732 1319 ter
774 1251 1120 1339 repetitam
1165 1248 1340 1334 (Act.
1387 1248 1446 1332 9,
1491 1248 1532 1312 3
1578 1268 1722 1333 sqq.
1787 1247 1903 1330 22,
1946 1246 1988 1310 6
2031 1267 2176 1336 sqq.
2241 1246 2345 1329 26,
2394 1248 2472 1312 12
2516 1248 2696 1335 sqq.)

627 1379 694 1436 et
734 1368 1090 1458 Apostolus
1134 1370 1201 1432 in
1242 1367 1448 1434 literis
1506 1387 1548 1431 a
1600 1386 1672 1432 se
1729 1365 1990 1451 scriptis
2051 1365 2248 1430 etiam
2302 1363 2464 1434 alias
2519 1389 2697 1434 men-

624 1491 866 1555 tionem
908 1488 1065 1554 facit
1097 1487 1163 1572 (l
1208 1486 1361 1553 Cor.
1408 1486 1468 1570 9,
1518 1488 1575 1551 1.
1642 1485 1811 1573 Eph.
1846 1487 1907 1567 3,
1951 1484 2012 1550 3.
2083 1482 2228 1548 Gal.
2259 1484 2440 1569 1715.
2468 1485 2576 1572 12)
2610 1525 2697 1538 —

627 1609 891 1675 excedit
946 1605 1303 1695 Apostolus
1371 1604 1540 1671 fines
1596 1603 1962 1671 traditionis
2020 1600 2570 1690 evangelistarum
2636 1611 2738 1674 et'

626 1728 912 1793 annectit
978 1726 1313 1791 historiam
1376 1724 1528 1790 vitae
1597 1723 1838 1790 Christi
1903 1724 2233 1789 terrestris
2299 1720 2385 1786 ad
2449 1724 2704 1812 imperii

626 1848 767 1933 ejus
812 1844 1115 1911 coelestis
1159 1850 1509 1930 perpetuas
1553 1842 2126 1908 manifestationes.
2224 1842 2354 1908 Hic
2398 1843 2698 1929 sufficiat,

624 1964 831 2032 verbo
876 1972 1125 2031 tantum
1180 1984 1448 2029 monere
1503 1961 1587 2028 de
1644 1961 1770 2027 hoc
1828 1969 2074 2026 aeterno
2121 1960 2366 2028 Christi
2406 1963 2702 2051 imperio,

628 2087 813 2172 cujus
858 2083 1263 2150 documentis
1309 2080 1721 2149 celebrandis
1753 2081 2018 2147 Marcus
2058 2080 2464 2168 evangelista
2503 2082 2703 2150 finem

625 2204 784 2268 facit
844 2201 1322 2270 narrationibus
1390 2202 1524 2266 suis
1541 2249 1559 2285 ‚
1630 2199 1947 2287 ablegans
2006 2201 2192 2287 quasi
2266 2199 2550 2270 lectores
2613 2202 2701 2269 ad

630 2322 822 2388 aliam
863 2322 1228 2405 historiam,
1294 2320 1636 2388 historiam
1657 2320 1970 2386 ‘nimirum
2029 2321 2141 2390 τοῦ
2201 2327 2416 2406 κυρίου
2467 2341 2698 2408 συνερ-

627 2445 886 2525 γοῦντας
938 2446 1048 2507 καὶ
1109 2437 1219 2507 τὸν
1276 2441 1471 2518 λόγον
1528 2442 1941 2523 βεβαιοῦνιος
1998 2440 2113 2507 διὰ
2168 2444 2291 2508 ὢν
2333 2441 2700 2510 ἐπακολου-

634 2563 927 2629 θούντων
984 2564 1255 2645 σημείων
1312 2557 1544 2645 (Marc.
1604 2558 1683 2623 16
1699 2607 1716 2642 ‚
1771 2558 1906 2644 20).
2022 2558 2131 2623 Ad
2183 2558 2374 2645 hujus
2416 2560 2699 2627 historiae

629 2679 811 2744 initia
876 2700 957 2743 ea
1034 2699 1293 2764 quoque
1376 2677 1731 2763 pertinent,
1821 2698 1964 2763 quae
2031 2678 2273 2746 Paulus
2351 2678 2550 2746 tradit
2613 2679 2698 2745 de

631 2797 1058 2863 conversione
1125 2817 1243 2860 sua
1309 2804 1376 2859 et
1440 2793 1527 2860 de
1592 2796 1726 2860 vita
1792 2815 1912 2862 sua
1978 2797 2337 2883 apostolica
2403 2798 2475 2883 (2
2543 2797 2698 2866 Cor.

632 2916 740 2998 12,
792 2913 877 2999 1).

1136 3124 1232 3132 ’.-

670 3250 724 3320 ¹)
763 3251 934 3304 Hasce
977 3253 1150 3305 varias
1196 3251 1383 3306 Christi
1429 3255 1791 3325 apparitiones
1835 3255 2064 3310 breviter
2107 3257 2437 3328 amplectitur
2481 3257 2699 3312 verbum

762 3335 905 3389 Pauli
931 3339 984 3389 in
1011 3336 1124 3389 Act.
1157 3338 1238 3400 13,
1264 3338 1320 3390 31
1343 3358 1357 3391 z
1391 3338 1556 3410 ὤφθη
1593 3339 1682 3394 ἐπὶ
1720 3339 1924 3417 ἡμέρας
1949 3346 2161 3401 πλείους
2188 3347 2299 3402 τοῖς
2324 3346 2700 3412 συναναβᾶσιν

762 3419 911 3493 αὐτῷ
957 3419 1066 3476 ἀπὸ
1134 3423 1226 3491 τῆς
1271 3426 1562 3483 Γαλιλαίας
1609 3429 1684 3484 εἷς
1732 3425 2097 3503 Ἰερουσαλήμ.
2188 3429 2321 3482 Sunt
2376 3432 2563 3495 etiam,
2610 3432 2699 3499 qui

762 3509 926 3563 verba
952 3509 1099 3562 Pauli
1124 3511 1178 3563 in
1206 3512 1232 3563 1
1263 3510 1390 3565 Tim.
1418 3511 1471 3577 3,
1510 3513 1577 3564 16
1613 3511 1805 3582 (ὤφθη
1841 3513 2122 3581 ἀγγέλοις)
2158 3516 2232 3567 ita
2268 3516 2696 3584 interpretentur,

765 3603 821 3647 ut
846 3594 949 3645 hnc
977 3597 1288 3661 pertineant.
1358 3598 1436 3649 Ita
1464 3599 1599 3650 inter
1626 3601 1939 3652 novissimos
1970 3600 2162 3652 Krehl
2198 3601 2263 3653 ad
2294 3600 2438 3653 Rom.
2471 3601 2519 3666 1,
2548 3603 2613 3657 4.·
2640 3618 2698 3654 οι·

766 3679 1004 3731 crschicn
1034 3679 1134 3731 den
1163 3679 1327 3733 Boten
1356 3696 1414 3734 οε
1443 3683 1707 3751 Apostolis
1734 3692 1851 3753 post
1875 3699 2021 3737 sunm
2050 3703 2080 3738 c
2106 3688 2322 3740 mortuis
2349 3689 2696 3741 resurrectio-

762 3779 895 3817 nem.
967 3765 1156 3817 Verum
1206 3768 1412 3820 sinistra
1456 3769 1571 3821 hoec
1615 3771 1990 3837 interpretatio.
2062 3772 2225 3824 Recte
2269 3769 2522 3834 Matthia,
2553 3772 2621 3825 ad
2663 3773 2692 3825 1

762 3849 890 3903 Tim.
915 3849 967 3916 3,
1000 3850 1089 3905 16:
1136 3852 1259 3905 dass
1287 3852 1523 3908 Christus
1559 3855 1697 3910 allon
1725 3855 1916 3908 Wesen
1956 3857 2060 3910 und
2087 3856 2323 3912 Machten
2363 3859 2429 3909 im
2457 3858 2691 3923 Himmel‚

764 3939 866 3986 wie
886 3937 982 3986 anf
993 3935 1184 4002 Erdcn,
1200 3938 1277 3990 als
1301 3938 1744 3991 beherrschcndcs
1767 3941 1987 4008 Princip‚
2016 3942 2094 3994 als
2112 3942 2502 4011 fiberragendes
2520 3944 2693 3996 Ober-

759 4019 920 4087 hanpt
946 4020 1178 4074 sichtbar
1201 4026 1521 4091 geworden,
1557 4023 1694 4076 kund
1722 4026 1916 4092 gethan
1943 4029 2040 4080 sei.
2103 4025 2221 4080 coll.
2248 4028 2376 4096 Eph.
2412 4029 2457 4093 l,
2484 4031 2552 4083 20
2577 4046 2692 4100 sqq.

759 4103 811 4169 3,
841 4103 922 4156 10.
960 4107 1011 4169 4,
1039 4107 1072 4158 8
1097 4123 1210 4182 sqq.
1284 4106 1392 4162 Col.
1421 4110 1471 4176 1,
1507 4110 1564 4162 15
1593 4125 1703 4182 sqq.
1760 4111 1811 4177 2,
1842 4112 1918 4165 10.
1955 4114 2030 4164 15.
2104 4112 2225 4170 Ebr.
2256 4114 2305 4176 1,
2334 4114 2365 4166 6
2392 4131 2502 4187 sqq.
