3034 4759
1377 313 1461 377 23

383 514 882 600 comprehensa,
949 536 1077 601 quo
1124 517 1276 601 jure
1323 515 1568 581 Christi
1607 514 1874 586 historia
1926 518 2006 583 iis
2064 519 2192 585 dici
2248 523 2456 607 possit

382 633 775 699 adumbrari.

552 752 749 833 Quod
791 752 877 817 ad
923 751 1308 839 specialiora
1351 754 1501 819 vitae
1549 753 1791 821 Christi
1833 766 2162 823 momenta
2204 758 2454 843 attinet,

376 880 584 957 patet,
649 873 717 935 in
762 871 1051 958 epistolis
1095 872 1283 937 Pauli
1339 873 1648 958 eundem,
1712 897 1907 962 quem
1950 898 2040 940 ex
2083 877 2443 961 evangeliis

375 991 800 1076 cognovimus
858 991 1185 1057 hominum
1241 991 1496 1077 cyclum
1556 992 1815 1058 Christo
1877 993 2317 1079 addictorum,
2381 997 2450 1062 in

373 1108 497 1176 illis
544 1130 804 1196 quoque
848 1110 1038 1175 nobis
1102 1110 1362 1175 obviam
1419 1111 1582 1176 fieri.
1693 1110 2160 1197 Apostolorum
2206 1113 2448 1182 Christi

377 1230 612 1315 saepius
656 1231 1051 1295 mentionem
1092 1228 1266 1293 facit.
1354 1229 1675 1322 Loquitur
1713 1229 1796 1294 de
1840 1231 1917 1293 iis
1960 1231 2030 1295 in
2072 1232 2446 1300 universum

371 1347 439 1433 (l
489 1347 643 1413 Cor.
688 1348 759 1432 9,
803 1347 863 1412 5.
915 1346 1011 1430 15,
1061 1347 1157 1434 7),
1221 1346 1303 1412 de
1349 1370 1575 1413 eorum
1618 1371 1887 1414 munere
1934 1348 2270 1437 divinitus,
2328 1375 2449 1438 per

372 1467 701 1534 Christum
741 1468 1034 1532 instituto
1097 1466 1160 1552 (l
1212 1466 1364 1531 Cor.
1419 1468 1526 1551 12,
1589 1468 1692 1532 28.
1738 1467 1908 1554 Eph.
1959 1468 2031 1552 4,
2094 1469 2198 1550 11)
2251 1479 2318 1535 et
2362 1471 2444 1536 de

366 1585 556 1674 hujus
598 1587 883 1651 muneris
917 1586 1296 1670 praestantia
1341 1595 1538 1672 atque
1583 1586 1966 1650 auctoritate
2013 1586 2209 1672 (Eph.
2235 1593 2293 1671 2,
2329 1589 2435 1653 20.

363 1708 426 1790 3,
459 1706 559 1792 5),
605 1705 887 1792 loquitur
933 1703 1015 1768 de
1060 1703 1371 1791 apostolis
1417 1704 1948 1770 antecessoribus
1995 1706 2128 1770 suis
2174 1705 2267 1791 (οἳ
2307 1706 2437 1794 πρδ

364 1826 524 1912 ἐμοῦ
564 1823 948 1906 ἀπόστολοι,
1017 1821 1160 1888 Gal.
1210 1824 1276 1906 1,
1337 1823 1476 1908 17),
1546 1845 1899 1911 eorumque
1944 1845 2282 1889 numerum
2326 1825 2438 1890 ex.-

361 1966 589 2033 presse
633 1944 836 2007 refert
879 1941 970 2027 (οἳ
1012 1942 1282 2019 δώδεκα,
1329 1942 1361 2005 1
1401 1941 1555 2006 Cor.
1597 1942 1694 2025 15,
1731 1942 1822 2024 5).
1921 1942 2155 2032 Neque
2198 1945 2268 2008 in
2310 1944 2436 2009 hoc

362 2062 684 2146 subsistit,
752 2061 873 2125 sed
930 2060 1081 2124 data
1126 2060 1467 2126 occasione
1526 2081 1613 2123 ex
1654 2059 2117 2147 Apostolorum
2158 2083 2428 2127 numero

358 2161 710 2250 nonnullos
746 2177 1093 2266 specialius
1129 2186 1608 2263 commemorat,
1652 2180 1918 2244 Petrum
1952 2178 2201 2246 scilicet
2232 2189 2429 2266 atque

359 2302 711 2385 Joannem,
758 2297 1058 2381 eosdem,
1105 2317 1380 2383 quorum
1421 2298 1687 2362 nomina
1729 2297 2086 2364 secundum
2138 2320 2234 2382 ea,
2283 2320 2427 2385 quae

360 2418 618 2484 aliunde
688 2418 1113 2503 cognovimus
1128 2465 1146 2500 ,
1229 2417 1423 2482 etiam
1479 2438 1618 2503 prae
1687 2419 1922 2483 ceteris
1983 2418 2432 2505 exspectanda

361 2547 599 2602 essent.
690 2536 856 2602 Sunt
893 2536 1064 2600 enim
1109 2535 1172 2601 οἳ
1215 2536 1549 2614 δοκοῦντες
1592 2540 1805 2604 στύλοι
1849 2541 2017 2605 εἶναι
2052 2536 2226 2624 (Gal.
2251 2539 2313 2621 2,
2335 2538 2426 2622 9).

246 2673 253 2678 ¹
359 2656 469 2721 Ex
526 2654 759 2743 quibus
814 2655 1049 2719 Petrus
1118 2652 1291 2739 (Gal.
1343 2654 1409 2738 1,
1475 2631 1574 2718 is.
1618 2655 1689 2738 2,
1750 2655 1805 2718 7.
1852 2654 1912 2718 8.
1974 2656 2070 2719 11.
2121 2655 2228 2740 14)
2286 2656 2426 2721 sive

361 2778 598 2863 Κηφᾶς
642 2774 707 2861 (1
747 2772 1023 2856 Cor.‘1,·
1053 2773 1152 2837 12.
1198 2773 1258 2856 3,
1300 2772 1403 2836 22.
1443 2772 1502 2856 9,
1548 2772 1609 2837 5.
1660 2772 1757 2857 15,
1802 2772 1862 2837 5.
1912 2772 2055 2840 Gal.
2100 2774 2161 2857 2,
2203 2772 2274 2858 9)
2323 2771 2431 2837 de-

355 2891 663 2959 scribitur
703 2901 776 2958 ut
817 2893 1005 2979 φύσει
1047 2893 1339 2970 budam
1385 2891 1561 2976 (Gal.
1607 2893 1668 2977 2,
1704 2892 1803 2956 14.
1853 2889 1994 2978 15):
2043 2913 2428 2958 commemo-

355 3020 535 3078 ratur
577 3020 646 3077 ut
686 3011 872 3077 testis
919 3009 1264 3095 singularis
1306 3011 1820 3075 resurrectionis.
1856 3009 2099 3076 Christi
2156 3011 2220 3096 (1
2272 3011 2427 3076 Cor.
2513 3017 2523 3028 '

358 3131 469 3216 15,
512 3130 574 3195 5.
623 3129 766 3195 coll.
810 3130 972 3194 Luc.
1019 3129 1138 3213 24,
1192 3129 1336 3214 34),
1403 3130 1677 3217 ejusque
1719 3130 2197 3193 matrimonium
2240 3151 2430 3214 argu-

212 3225 221 3230 ’
354 3246 873 3316 mutationibus·
903 3246 1192 3314 Paulinis
1239 3250 1304 3334 (1
1353 3248 1509 3313 eor.
1556 3249 1617 3333 9,
1661 3247 1722 3312 5.
1771 3246 1915 3312 0011.
1962 3247 2189 3312 Matth.
2227 3247 2287 3331 s,
2327 3247 2425 3313 14.

354 3369 519 3435 Mrc.
569 3368 639 3453 1,-
681 3367 785 3433 30.
830 3367 990 3434 Luc.
1035 3365 1106 3450 4,
1149 3366 1267 3432 38:
1326 3366 1367 3453 ἡ
1409 3366 1711 3453 πενθεροὶ
1759 3365 1984 3448 αὐτοῦ,
2033 3388 2117 3430 ex
2159 3366 2430 3433 nonnul-

356 3485 565 3552 lorum
597 3486 1132 3573 interpretatione
1169 3486 1364 3550 etiam
1391 3486 1418 3549 1
1452 3486 1630 3551 Petr.
1668 3484 1728 3569 5,
1755 3485 1863 3549 13:
1907 3486 2182 3569 Μοῖρκος
2221 3484 2262 3553 ὅ
2291 3485 2427 3564 υἱός

352 3604 502 3692 μου)
549 3613 738 3670 extra
784 3604 1050 3670 dubium
1093 3605 1352 3692 ponitur
1397 3603 1543 3690 (cfr.
1568 3603 1815 3671 Euseb.
1840 3602 1984 3669 hist.
2024 3603 2181 3668 eccl.
2207 3603 2266 3686 3,
2289 3602 2423 3688 30).

530 3721 725 3803 Quod
769 3722 856 3787 ad.
895 3722 1219 3789 Jacobum
1262 3724 1523 3809 attinet,
1593 3724 1705 3810 qui
1748 3722 1892 3788 loco
1937 3722 2201 3787 laudato
2248 3720 2424 3806 (Gal.

345 3841 424 3926 2,
469 3840 538 3929 9)
587 3840 776 3905 simul
820 3864 966 3907 cum
1008 3843 1207 3907 Petro
1256 3851 1322 3908 et
1362 3842 1619 3908 Jeanne
1665 3843 1743 3907 iis
1790 3851 2268 3926 annumeratur,
2315 3843 2425 3929 qui

354 3959 649 4025 ecclesiae
715 3960 926 4028 στύλοι
992 3959 1343 4046 habentur,
1423 3963 1817 4048 interpretes
1876 3982 2022 4025 eum
2079 3954 2279 4047 vulgo
2340 3984 2426 4026 ex

356 4078 827 4166 Apostolorum
880 4077 1106 4145 ordine
1161 4080 1363 4149 fuisse
1419 4081 1810 4148 existimant.
1888 4073 2262 4164 *Difficilius
2309 4090 2425 4174 est,
