3034 4759
1619 343 1704 410 48

609 552 1006 612 mortuorum
1053 547 1471 612 consortium.
1585 545 1723 611 Sed
1767 546 1867 611 de‘
1893 546 2019 611 hoc
2066 544 2308 611 Christi
2351 544 2677 614 descensu

611 662 696 728 ad
739 664 978 727 inferos
1021 685 1155 729 non
1212 662 1469 729 disertis
1513 663 1735 732 verbis
1794 664 2098 751 loquutus
2143 673 2246 729 est
2283 662 2673 750 Apostolus:

610 793 758 848 sunt
814 781 1106 869 quidem,
1182 803 1328 869 quse
1384 804 1531 848 eum
1589 783 1935 868 indigitare
1998 782 2372 866 videantur,
2447 803 2671 847 verum

611 901 769 968 nihil
810 901 1134 968 invenitur
1176 901 1245 968 in
1278 900 1467 965 Pauli
1510 901 1801 988 epistolis
1842 900 2019 988 quod
2063 923 2207 966 eum
2253 901 2543 967 evidenti
2581 912 2677 966 te·

613 1020 911 1086 stimonio
956 1019 1220 1084 Petrino
1267 1018 1351 1083 de
1397 1019 1721 1086 descensu
1755 1019 1998 1085 Christi
2041 1021 2404 1106 comparari
2445 1021 2675 1106 possit.

609 1140 700 1206 At
744 1139 881 1204 sine
938 1136 1135 1203 dubio
1179 1137 1562 1226 indigitatur
1604 1139 1707 1204 hic
1753 1139 2154 1224 descensus,
2197 1137 2458 1226 quando
2502 1140 2680 1225 Apo-

610 1257 812 1323 stolus
854 1259 1065 1326 Rom..
1096 1257 1204 1341 10,
1264 1257 1299 1320 7
1318 1305 1335 1341 ,
1404 1266 1475 1322 ut
1521 1257 1816 1326 Christus
1873 1280 1909 1323 e
1953 1259 2224 1328 mortuis
2270 1257 2678 1343 educeretur,

613 1378 997 1444 descensum
1053 1378 1143 1455 εἷς
1198 1376 1312 1462 τὴν
1354 1377 1636 1462 ἄβυσσον
1682 1366 1836 1462 (cfr.
1877 1377 2038 1442 Luc.
2087 1379 2156 1461 8,
2214 1378 2316 1442 31.
2364 1377 2571 1463 Apoc.
2616 1378 2677 1461 9,

615 1498 671 1562 1.
702 1483 808 1582 11)
832 1495 1131 1583 postulat.
1199 1496 1348 1562 Non
1390 1497 1516 1560 nisi
1560 1497 1631 1563 ἐν
1676 1504 1751 1591 τῇ
1795 1496 2051 1588 ἄβῦσσῳ
2097 1497 2371 1582 cogitari
2405 1505 2679 1582 possunt

524 1602 530 1610 ³
613 1617 868 1684 mortui.
955 1613 1261 1681 Eundem
1306 1614 1695 1681 descensum
1740 1616 1933 1682 etiam
1971 1614 2144 1701 Eph.
2189 1615 2251 1699 4,
2284 1616 2344 1680 9.
2388 1615 2468 1680 10
2507 1636 2683 1680 com-

619 1733 994 1816 memorari,
1051 1732 1317 1799 dubium
1361 1732 1639 1799 videtur.
1747 1732 2113 1798 Fatendum
2158 1733 2418 1820 quidem
2431 1783 2448 1817 ,
2505 1733 2681 1820 quod

616 1853 985 1919 Olshausen
1028 1850 1114 1918 ad
1159 1850 1221 1916 h.
1268 1850 1310 1917 l.
1348 1850 1698 1936 diligenter
1742 1853 2077 1939 exposuit,
2134 1852 2486 1949 secundnm
2532 1875 2683 1916 ana-

616 1974 857 2059 logiam
903 1971 1205 2036 dietionis
1257 1970 1889 2057 septuagintaviralis
1933 1971 2012 2039 τὰ
2054 1975 2376 2058 κατώτερα
2422 1976 2525 2061 τῆς
2566 1979 2685 2061 γῆς

614 2094 911 2179 proxime
956 2089 1273 2155 accedere
1318 2089 1404 2155 ad
1445 2089 1881 2158 Hebraeorum
1925 2098 2065 2188 γῆς
2100 2091 2348 2186 Πῖᾞζτξι
2389 2091 2540 2176 (Ps.-
2578 2091 2682 2174 63,

621 2213 728 2277 10:
785 2215 866 2277 τά
910 2213 1243 2278 satanicam
1284 2216 1393 2296 τῆς
1435 2209 1580 2297 γῆς)
1626 2210 1765 2276 sive
1820 2210 2062 2304 τὶὶᾞῌθ
2100 2219 2238 2309 fuge
2276 2210 2546 2296 (Enoch.
2579 2210 2684 2293 26,

619 2331 736 2396 20:
793 2333 981 2416 βάθη
1025 2336 1133 2416 τῆς
1177 2330 1321 2416 γῆς)
1365 2328 1648 2414 ideoque
1698 2330 1780 2393 de
1825 2330 2048 2396 inferis
2100 2330 2412 2417 explicari
2454 2349 2682 2416 posse:

616 2465 828 2534 neque
856 2446 1023 2512 adeo
1047 2445 1298 2511 absona
1319 2455 1419 2511 est
1449 2446 1642 2538 liujus
1674 2447 1758 2512 ad
1791 2449 2033 2516 inferos
2062 2449 2418 2515 descensus
2439 2449 2681 2513 mentio

616 2590 657 2631 a
696 2575 1004 2632 contextu
1047 2564 1215 2629 illius
1248 2563 1394 2649 loci,
1439 2575 1511 2631 ut
1556 2587 1635 2631 eo
1673 2566 2159 2635 excluderetur:
2195 2591 2448 2634 verum·
2470 2566 2552 2631 ab
2596 2566 2683 2630 al-

618 2696 763 2752 tera
804 2695 989 2771 parte
1035 2683 1342 2766 analogia
1384 2684 1685 2750 dictionis
1730 2687 2365 2773 septuagintaviralis
2408 2709 2541 2752 non
2586 2695 2686 2751 est

619 2803 917 2870 omnibus
970 2804 1256 2868 numeris
1313 2803 1638 2888 perfecta,
1705 2814 1774 2870 et
1827 2806 1981 2871 licet
2031 2805 2388 2871 inferorum
2441 2805 2682 2870 mentio

498 2992 504 2998 ,
617 2923 868 3009 injungi
910 2922 1117 3009 possit
1150 2922 1492 2988 ,contextui
1539 2960 1618 2974 --
1661 2922 1841 3009 quod
1897 2945 2030 2989 non
2086 2923 2223 2989 sine
2278 2926 2421 2990 veri
2465 2925 2684 3010 specie

617 3042 813 3107 etiam
855 3039 1075 3106 verbis
1120 3041 1284 3106 Phil.
1330 3042 1403 3125 2,
1452 3041 1534 3105 10
1578 3040 2070 3126 defenderetur,
2116 3065 2314 3129 quum
2359 3042 2684 3108 Christum

620 3159 1025 3226 confessione
1080 3159 1207 3227 τῶν
1261 3166 1717 3244 καταχθονίων
1769 3161 2168 3227 celebratum
2230 3163 2310 3226 iri
2374 3161 2687 3248 praedicet

619 3276 973 3364 Apostolus
998 3314 1080 3328 --
1102 3287 1320 3343 tamen
1365 3277 1843 3364 praeferendum
1889 3302 2035 3347 esse
2081 3279 2463 3367 judicamus,
2509 3278 2684 3366 quod

621 3398 848 3462 attinet
901 3395 986 3461 ad
1040 3396 1218 3462 illum
1261 3396 1475 3462 locum
1518 3397 1950 3485 Ephesinum,
2026 3397 2379 3463 subsistere
2425 3398 2494 3460 in
2535 3397 2685 3460 idea

623 3515 977 3581 descensus
1020 3516 1088 3580 in
1126 3517 1525 3601 universum,
1568 3516 1738 3581 adeo
1784 3517 2045 3603 quidem
2090 3516 2302 3603 ample
2350 3526 2684 3602 concepta,

621 3643 692 3701 ut
737 3633 1090 3700 descensus
1135 3631 1220 3698 ad
1274 3629 1516 3700 inferos
1575 3658 1706 3701 nou
1753 3635 2168 3719 excludatur,
2233 3635 2424 3722 hujus
2467 3642 2685 3699 autem

624 3752 978 3820 descensus
1022 3761 1095 3817 ut
1134 3754 1231 3818 rei
1273 3754 1341 3818 in
1383 3754 1558 3824 facto
1614 3757 1843 3842 positae
1899 3777 2033 3822 non
2090 3755 2422 3841 expressis
2464 3753 2683 3819 verbis

622 3874 862 3938 mentio
904 3872 1037 3937 fiat.
1125 3870 1420 3957 Accedit,
1466 3873 1643 3959 quod
1679 3894 1824 3939 cum
1860 3871 2592 3960 Winero(Grammat1'k
2621 3870 2683 3935 d.

623 4000 896 4056 neutest.
941 3991 1423 4079 Sprachidioms
1467 3992 1554 4056 3t.
1580 3992 1749 4057 Aufl.
1794 4015 1858 4080 p.
1877 3971 2037 4079 301)
2084 3990 2514 4071 statuendum,
2562 3989 2686 4056 Ge-

624 4111 888 4175 nitivum
942 4111 1364 4197 appositionis
1424 4110 1484 4175 h.
1543 4111 1584 4175 l.
1646 4111 1884 4199 optime
1941 4111 2192 4178 admitti
2245 4131 2440 4196 posse
2507 4097 2682 4192 (coll.
