3034 4759
1579 325 1663 392 42

583 525 813 608 borum
859 524 1273 592 similitudine
1317 528 1384 591 in
1427 535 1712 593 mentem
1754 535 2144 592 revocantur
2185 549 2306 614 per
2338 525 2652 613 epistolas

582 643 912 730 Apostoli,
978 646 1092 726 Yix
1138 654 1265 728 est,
1334 644 1509 731 quod
1556 644 1952 711 difficiliores
1996 646 2196 710 simus
2238 647 2306 709 in
2353 646 2652 730 vestigiis

586 761 1054 848 agnoscendiS‚
1111 785 1255 849 quae
1302 763 1384 828 de
1433 763 1695 829 Christo
1743 766 2014 851 ejusque
2058 764 2327 831 historia
2371 785 2650 851 evange-

582 881 682 950 liis
758 880 949 946 nobis
1028 881 1269 948 tradita
1342 884 1570 948 testari
1636 881 2000 948 videantur.
2109 884 2404 950 Historia
2451 882 2651 948 Chri-

583 1002 695 1082 sti,
774 999 981 1066 verba
1056 1001 1198 1085 ejus
1262 1009 1458 1087 atque
1525 1020 1859 1066 sermones
1916 1021 2002 1064 ex
2063 1000 2164 1066 his
2229 1000 2649 1088 epistolarum

580 1118 740 1184 locis
807 1119 1093 1183 construi
1157 1141 1288 1183 non
1352 1129 1654 1205 possunt,
1726 1119 1846 1184 sed
1912 1119 2088 1205 quod
2141 1119 2401 1195 aliunde
2458 1103 2649 1186 nobis

581 1239 911 1323 cognitum
956 1246 1057 1301 est
1101 1236 1184 1301 de
1227 1237 1327 1302 his
1369 1237 1569 1302 rebus
1590 1287 1607 1321 ‚
1654 1237 2072 1324 epistolarum
2115 1238 2536 1305 allusionibus
2581 1248 2649 1305 et

580 1357 773 1424 etiam
815 1355 1168 1421 levioribus
1213 1356 1510 1440 vestigiis
1555 1357 1922 1422 confirmari
1962 1357 2239 1423 videtur.

747 1475 809 1542 A
866 1476 1246 1542 testimoniis
1303 1484 1519 1541 autem
1584 1477 1653 1540 in
1714 1475 1836 1542 hac
1905 1497 1979 1544 re
2046 1476 2378 1561 hucusque
2437 1474 2645 1544 allatis

581 1596 837 1662 omnino
885 1594 1183 1660 diversus
1229 1603 1331 1660 est
1371 1594 1552 1660 locus
1601 1594 1634 1658 1
1675 1593 1828 1658 Cor.
1878 1595 1976 1677 11,
2020 1594 2230 1659 23-25.
2305 1593 2641 1660 Habemus

581 1714 685 1779 hie
728 1714 1163 1778 testimonium
1218 1712 1594 1778 historicum
1649 1711 1908 1778 disertis
1965 1711 2186 1776 verbis
2241 1733 2648 1799 enpressmn,

584 1831 757 1919 quod
797 1852 957 1896 vero
995 1830 1077 1896 ob
1116 1826 1572 1916 “argumentum
1605 1853 1810 1915 suum,
1855 1831 2008 1917 quia
2038 1851 2170 1896 non
2190 1830 2397 1896 verba
2429 1831 2645 1915 modo,

579 1951 697 2018 sed
740 1973 848 2015 res
896 1971 1153 2038 quoque
1208 1951 1278 2014 in
1329 1950 1501 2015 facto
1557 1951 1804 2037 positas
1862 1958 2163 2016 accurate
2218 1951 2454 2034 refert,
2518 1949 2643 2016 alio

580 2069 723 2135 loco
771 2068 1119 2154 diligenter
1162 2067 1611 2134 scrutabimur.
1702 2068 2024 2152 Sufficiat,
2079 2068 2205 2133 hoc
2247 2067 2393 2132 loco
2437 2060 2644 2132 verbo

577 2197 825 2255 tantum
880 2209 1180 2271 monere,
1249 2189 1471 2274 quanti
1528 2189 1612 2253 sit
1665 2188 1973 2253 momenti
2026 2185 2151 2254 hoc
2205 2186 2643 2254 testimonium

579 2306 925 2392 singulare,
972 2317 1038 2373 et
1082 2329 1277 2396 quam
1321 2306 1591 2372 evidens
1646 2328 1727 2370 ea
1773 2303 2072 2391 ἀκρίβεια
2117 2305 2453 2389 historica,
2499 2326 2641 2391 quse

579 2448 664 2492 ex
707 2425 833 2489 illis
858 2424 1160 2511 Apostoli
1203 2423 1422 2489 verbis
1470 2423 1701 2489 elucet.
1756 2425 1949 2489 Patet
1970 2425 2181 2507 etiam,
2226 2444 2474 2490 summo
2490 2424 2643 2509 jure

579 2545 803 2628 statui,
885 2565 1111 2610 eorum
1179 2544 1653 2629 cognitionem,
1731 2565 1875 2631 quae
1947 2544 2014 2607 in
2088 2542 2445 2627 evangeliis
2518 2550 2644 2607 tra-

577 2663 840 2747 dantur,
908 2662 1410 2729 adscribendam
1465 2677 1613 2727 esse
1656 2661 2013 2749 Apostolo‚
2078 2661 2170 2726 ita
2226 2669 2297 2726 ut
2351 2660 2526 2725 dicta
2577 2668 2648 2728 et

577 2781 750 2847 facta
796 2781 1038 2846 Christi
1082 2781 1271 2866 quasi
1309 2779 1714 2846 fundamenti
1756 2780 1902 2846 loco
1952 2779 2322 2846 substructa
2364 2781 2492 2844 sint
2535 2802 2623 2844 ex

577 2899 1004 2985 positionibus
1069 2897 1386 2981 Paulinis‚
1465 2907 1531 2962 et
1598 2899 1855 2964 omnino
1934 2899 2445 2986 suspiciendum,
2520 2898 2645 2964 hoc

575 3018 1063 3085 fundamentum
1107 3018 1212 3082 hic
1253 3015 1385 3082 illic
1439 3019 1508 3082 in
1550 3017 1763 3083 lucem
1804 3016 2069 3104 prodire
2115 2995 2534 3084 allusionibus
2579 3026 2647 3082 et

572 3137 1070 3224 allegationibus
1114 3135 1438 3202 interdum
1485 3136 1641 3200 satis
1689 3134 2003 3203 obscuris.

670 3319 673 3322 ,
747 3257 819 3320 Si
859 3256 1086 3320 liceret
1142 3253 1332 3319 nobis
1345 3302 1364 3339 ‚
1423 3254 1748 3318 orationes
1792 3253 1981 3319 Pauli
2034 3276 2074 3318 a
2114 3255 2297 3319 Luca
2347 3276 2417 3317 m
2457 3253 2643 3319 Actis

577 3373 1039 3459 Apostolorum
1081 3373 1352 3440 traditan
1417 3372 1654 3437 eodem
1716 3371 1861 3438 loco
1928 3372 2193 3457 habere,
2250 3392 2377 3458 quo
2441 3373 2644 3458 ipsius

576 3491 764 3557 Pauli
810 3492 1135 3579 epistolas,
1183 3494 1366 3558 testis
1409 3492 1600 3558 nobis
1647 3501 1824 3558 esset
1847 3490 2202 3578 Apostolus
2249 3490 2426 3554 effati
2463 3489 2646 3554 Chri-

574 3612 675 3695 sti,
725 3611 900 3698 quod
945 3612 1290 3697 evangelia
1348 3633 1480 3677 non
1537 3619 1898 3676 servarunt.
1986 3609 2296 3693 Legimus
2354 3608 2527 3672 enim
2579 3609 2646 3672 in

575 3730 759 3796 Actis
803 3730 1267 3817 Apostolorum
1308 3732 1423 3815 20,
1468 3730 1588 3813 35,
1653 3728 1925 3794 Paulum
1979 3726 2370 3814 Apostolum
2427 3747 2647 3794 coram

574 3848 977 3934 presbyteris
1025 3849 1374 3936 Ephesinis
1417 3848 1812 3912 mentionem
1853 3846 2074 3911 facere
2119 3852 2248 3914 τῶν
2290 3846 2498 3928 λόγων
2541 3846 2649 3913 wit·

574 3973 786 4049 κυρίου
823 3966 1045 4053 Ἰησοῦ,
1088 3970 1189 4035 ὅτι
1233 3965 1421 4045 αὐτὸς
1463 3970 1628 4033 εἶπε·
1690 3967 2013 4051 μακάριόν
2065 3966 2195 4033 ἔστι
2246 3966 2503 4046 μᾶλλον
2543 3965 2646 4030 δι-

575 4089 768 4155 δόναι
831 4087 872 4172 ἢ
927 4087 1305 4171 λαμβάνειν.
1392 4084 1543 4150 Non
1600 4082 2000 4167 dubitamus,
2092 4084 2246 4169 quin
2296 4080 2442 4167 ,1166
2499 4081 2647 4146 effa-
