3034 4759
1573 328 1660 399 32
1774 286 1780 289 ,

574 534 893 624 plicandis
932 533 1310 599 inserviant.
1397 531 1567 599 Dico
1612 530 1780 620 Eph.
1825 530 1887 616 6,
1936 531 2035 596 11.
2085 532 2183 595 12.
2276 531 2309 594 1
2349 528 2503 595 Cor.
2544 531 2649 613 10,

574 656 678 721 20.
771 655 804 718 1
852 653 1020 718 Tim.
1063 652 1125 737 4,
1175 654 1232 718 1.

743 774 834 840 Ut
878 782 1092 837 autem
1133 770 1342 836 verbo
1387 770 1621 854 dicam,
1666 770 1861 835 etiam
1903 768 2357 835 miraculorum
2405 768 2651 834 Christi

574 895 761 959 testis
827 889 1143 957 dieendus
1210 897 1312 954 est
1362 886 1604 954 Paulus
1666 888 2053 974 Apostolus,
2126 890 2280 975 quia
2342 886 2481 951 haee
2548 896 2653 951 est

578 989 830 1077 summa
882 1030 1134 1094 eom,
1207 1030 1351 1096 quae
1396 1007 1481 1073 de
1529 1005 1788 1074 Christo
1842 1016 2147 1092 testatur,
2211 1008 2309 1075 ὅτι
2362 1006 2433 1075 ἐν
2476 1005 2654 1097 aaa?

577 1133 864 1200 uaioaxst
942 1133 1081 1200 πᾶν
1164 1127 1234 1197 τὸ
1321 1130 1634 1217 πλήρωμα
1720 1132 1828 1214 τῆς
1892 1130 2200 1213 θεότητος
2284 1130 2653 1212 σωματικῶς

580 1249 754 1338 (Col.
800 1250 861 1334 2,
905 1248 995 1335 9).

1524 1453 1565 1530 g
1612 1448 1711 1513 15.

749 1603 1095 1690 Reliquum
1139 1610 1256 1685 est,
1299 1609 1371 1666 ut
1413 1601 1544 1687 jam
1587 1601 1811 1687 paucis
1856 1621 2268 1684 moneamus,
2314 1621 2507 1686 quam
2551 1623 2653 1666 as·

582 1722 806 1789 siduus
852 1723 935 1786 sit
974 1719 1331 1807 ‘Apostolus
1386 1720 1454 1783 in
1495 1717 1620 1783 hae
1687 1717 1909 1784 divina
1953 1719 2002 1784 zJ
2006 1741 2124 1785 esu
2170 1718 2411 1785 Christi
2455 1742 2653 1807 quum

582 1849 814 1906 natura
857 1847 1051 1926 atque
1099 1837 1444 1903 existentia
1484 1845 1621 1902 tum
1658 1859 1926 1903 munere
1975 1848 2040 1904 et
2076 1859 2276 1924 opere
2321 1837 2649 1904 laudando

585 1971 652 2027 et
695 1956 1111 2025 celebrando.
1198 1957 1435 2023 Paucis
1478 1966 1746 2041 tantum,
1793 1979 1938 2043 quse
1983 1956 2109 2022 huo
2149 1958 2535 2045 pertineant,
2581 1959 2649 2022 in

584 2080 798 2144 animo
845 2086 945 2143 est
987 2051 1329 2162 attingere,
1372 2084 1444 2141 ut
1487 2074 1696 2163 qualis
1734 2076 1816 2141 sit
1854 2076 2094 2142 Christi
2126 2078 2344 2163 imago
2379 2086 2445 2141 et
2482 2099 2652 2163 quoe⁷

583 2220 734 2263 nam
778 2198 919 2284 ejus
963 2195 1248 2281 historia,
1296 2218 1489 2283 quam
1531 2194 1736 2262 literis
1782 2196 1915 2261 suis
1952 2194 2438 2263 adumbraverit
2477 2195 2654 2282 Apo-

584 2316 808 2401 stolus,
855 2315 1091 2381 clarius
1134 2324 1373 2401 pateat.

708 2434 919 2518 =Quae
988 2433 1071 2498 de
1134 2434 1301 2500 Jesu
1369 2432 1627 2499 Christo
1693 2432 1819 2497 hoo
1895 2435 2155 2499 nomine
2224 2433 2657 2519 eelebrantur,

588 2554 804 2620 omnia
847 2575 925 2618 eo
968 2553 1265 2641 redeunt,
1313 2576 1462 2622 eum
1505 2575 1653 2620 esse
1698 2553 1811 2623 τὸν
1851 2551 1994 2624 υἱὸν
2036 2553 2145 2623 τοῦ
2193 2560 2377 2624 θεοῦ.
2459 2553 2657 2636 Quod

587 2674 670 2738 de
714 2673 757 2739 J
760 2695 879 2739 esu
925 2672 1183 2739 Christo
1231 2673 1591 2761 emphatice
1641 2673 1898 2757 dieitur,
1966 2672 2059 2737 ita
2105 2679 2181 2737 ut
2234 2673 2405 2739 illius
2462 2673 2658 2738 deno-

584 2791 950 2856 minationis
996 2792 1381 2876 signifioatio
1428 2814 1559 2857 non
1604 2816 1689 2858 ex
1734 2814 1814 2857 eo
1861 2794 2164 2861 constitui
2211 2795 2434 2881 possit,
2481 2792 2657 2880 quod

581 2909 708 2977 υἳοὶ
749 2912 917 2977 θεοῦ
969 2907 1264 2975 dieantur
1318 2913 1460 2979 ὅσοι
1515 2912 1832 2998 πνεύματι
1888 2918 2061 2981 θεοῦ
2117 2908 2407 2994 dromi
2442 2912 2655 2997 (Rom.
2710 2941 2716 2947 ·

586 3026 657 3113 8,
706 3026 805 3092 14.
856 3027 964 3113 19)
1019 3027 1217 3115 idque
1276 3051 1363 3095 ex
1424 3029 1726 3117 analogia
1779 3029 2094 3119 loquendi
2149 3053 2346 3119 quum
2393 3029 2657 3096 Veteris

587 3146 732 3231 (cfr.
776 3148 963 3214 Rom.
1010 3147 1082 3230 9,
1137 3148 1221 3212 26
1274 3148 1397 3216 υἱοὶ
1452 3155 1623 3219 θεοῦ
1677 3153 1923 3229 ζῶντος.
1998 3150 2160 3219 Hos.
2227 3152 2258 3215 1
2281 3200 2299 3234 ,
2360 3149 2467 3235 10)
2517 3157 2659 3213 tum

586 3264 761 3328 Novi
804 3264 1210 3330 Testamenti
1253 3264 1398 3352 (oft.
1436 3273 1633 3337 τέκνα
1679 3269 1863 3347 θεοῖῗ,
1906 3266 2091 3334 Rom.
2123 3268 2183 3354 8,
2234 3269 2329 3334 16.
2361 3269 2463 3333 21.
2509 3267 2656 3333 Joh.

590 3381 661 3465 1,
720 3382 818 3447 12.
880 3382 1008 3469 13).
1119 3383 1268 3450 Non
1337 3386 1507 3451 enim
1577 3386 1842 3473 desunt,
1910 3411 2054 3476 quae
2112 3387 2353 3453 Christi
2396 3425 2477 3434 —
2528 3407 2659 3461 non

584 3510 717 3566 tam
793 3501 1070 3567 dixerim
1131 3504 1478 3575 υἱοθεσίαν
1545 3505 1758 3591 (Rom.
1832 3507 1902 3590 8,
1972 3506 2081 3592 15)
2102 3556 2121 3591 ,
2187 3527 2383 3593 quam
2447 3507 2662 3591 potius

584 3619 840 3708 υἷότητα
885 3621 975 3685 ita
1019 3619 1347 3707 definiant,
1392 3632 1463 3688 ut
1503 3624 1697 3710 plane
1744 3623 2089 3711 singularis
2139 3633 2222 3709 et,
2268 3624 2451 3690 salva
2495 3624 2654 3689 simi

587 3738 886 3826 litudine,
957 3742 1114 3805 satis
1171 3739 1500 3808 dissimilis
1560 3754 1891 3831 appareat.
1982 3744 2129 3826 Quo
2185 3745 2327 3831 jam
2393 3752 2661 3830 spectat,

593 3866 764 3943 quod
807 3859 941 3939 υἱὸς
984 3861 1147 3940 ἴδιος
1192 3860 1405 3946 (Rom.
1451 3862 1524 3945 8,
1567 3860 1680 3948 32)
1725 3865 2029 3948 vocatur3
2087 3884 2284 3951 porro
2333 3862 2509 3948 quod
2553 3861 2663 3948 qui

593 3977 720 4039 Dei
763 3975 952 4061 filius,
996 3978 1170 4045 idem
1217 3977 1545 4046 hominum
1590 3981 1911 4046 Dominus
1955 3990 2329 4047 constanter
2376 3980 2663 4045 celebra·
