3034 4759
1289 360 1368 426 19

293 559 391 628 de.
433 562 665 647 spiritu
724 573 948 630 sancto
1009 585 1096 630 ex
1148 564 1360 630 Maria
1418 564 1672 648 virgine
1727 573 1964 632 natum.
2082 569 2359 634 Omissis

293 679 592 748 omnibus
635 684 981 748 momentis
1029 683 1383 768 empiricis,
1457 703 1537 748 ea
1602 685 1669 748 in
1723 684 2013 770 epistolis
2071 686 2360 754 Paulinis

289 799 551 865 minime
596 800 901 867 videntur
946 801 1340 886 desiderari,
1401 824 1546 888 quae
1593 803 1786 872 etiam
1845 803 2021 889 quod
2063 807 2360 873 nativita-

287 926 421 983 tem
461 919 726 985 Domini
769 921 1031 1030 attinet.
1059 920 1266 986 fidem
1313 929 1631 1005 tueantur,
1675 920 1840 988 ideae
1885 894 2217 1008 religionis
2261 947 2361 990 re-

291 1037 744 1123 spondeant1).

1232 1146 1272 1224 ἓ
1323 1142 1420 1206 13.

463 1294 681 1359 Vitam
723 1294 887 1359 Jesu
930 1293 1173 1359 Christi
1217 1293 1393 1380 quod
1429 1294 1679 1379 attinet,
1723 1297 2085 1382 reperimus
2122 1297 2187 1361 in
2234 1298 2364 1384 epi-

293 1410 474 1477 stolis
518 1412 807 1477 Paulinis
865 1421 933 1477 et
975 1434 1119 1499 quae
1164 1397 1509 1477 humanam
1567 1424 1633 1478 et
1689 1436 1834 1500 quse
1892 1416 2176 1479 divinam
2222 1418 2363 1502 ejus

294 1540 591 1597 naturam
634 1542 830 1619 atque
880 1533 1296 1598 existentiam
1339 1540 1678 1596 testantur.
1780 1534 1871 1598 Ut
1914 1531 1997 1597 ab
2045 1533 2186 1598 illis.
2213 1535 2365 1597 inci-

292 1650 563 1735 piamus,
612 1652 908 1718 Christus
941 1653 984 1717 J
988 1674 1138 1717 esus
1181 1661 1280 1721 est
1315 1653 1673 1736 ἄνθρωπος
1709 1652 1773 1737 (l
1801 1651 1969 1716 Tim.
1995 1653 2055 1737 2,
2079 1652 2140 1717 5.
2176 1653 2362 1717 Rom.

292 1766 353 1851 5,
387 1769 523 1855 15),
569 1780 636 1836 et
677 1770 790 1836 ubi
834 1772 1182 1837 existentia
1226 1773 1367 1857 ejus
1408 1772 1738 1836 terrestris
1784 1772 1884 1858 (ἐν
1926 1785 2063 1850 ταῖς
2107 1770 2367 1858 ἡμέραις

292 1893 407 1975 τῆς
444 1889 679 1974 σαρκὸς
724 1889 940 1973 αὐτοῦ,
984 1890 1144 1955 Ebr.
1190 1890 1263 1973 5,
1310 1890 1377 1975 7)
1421 1892 1682 1956 nomine
1712 1888 2013 1980 ὑπακοῆς
2058 1890 2267 1976 (Rom.
2305 1889 2366 1974 5,

297 2005 396 2070 19.
455 2028 604 2093 opp.
649 2013 968 2096 παρακοή.
1028 2010 1142 2073 cfr.
1189 2007 1352 2073 Phil.
1399 2009 1468 2091 2,
1514 2008 1576 2073 8.
1624 2008 1784 2073 Ebr.
1830 2008 1904 2092 5,
1954 2008 2022 2093 7)
2075 2010 2215 2074 sive
2261 2010 2367 2074 δι-

292 2125 721 2211 ‚canopum-2)
767 2125 977 2212 (Rom.
1025 2126 1096 2212 5,
1146 2126 1245 2190 18.
1296 2148 1446 2214 opp.
1502 2128 1958 2212 παράπτωμα)
2003 2127 2366 2211 insignitur,

295 2244 484 2310 simul
529 2241 919 2311 describitur
963 2255 1030 2311 et
1072 2244 1359 2310 conditio
1406 2245 1549 2331 ejus
1594 2244 1875 2309 humana
1930 2254 1997 2309 et
2037 2246 2176 2310 vita
2214 2246 2362 2309 Deo

295 2372 485 2448 grata
528 2365 800 2453 ejusque
845 2363 1162 2430 voluntati
1211 2385 1533 2450 congrua,
1580 2363 1663 2428 ab
1711 2365 1884 2428 omni
1927 2364 2067 2429 vitii
2111 2373 2178 2428 et
2218 2384 2370 2449 pec-

296 2484 425 2546 cati
476 2484 873 2571 turpitudine
931 2483 1145 2549 aliena
1200 2484 1270 2567 (2
1316 2482 1467 2548 Cor.
1529 2484 1600 2567 5,
1655 2484 1771 2547 21:
1851 2490 1962 2551 τὸν
2002 2482 2090 2570 μὴ
2130 2486 2369 2563 γνόντα

300 2608 643 2687 apamiam
693 2603 837 2667 coll.
884 2602 1044 2667 Ebr.
1094 2603 1151 2686 7,
1194 2602 1296 2666 26.
1340 2601 1400 2683 4,
1431 2599 1540 2664 15:
1585 2602 1775 2679 ὅσιος,
1823 2602 2081 2680 ἄκακος,
2128 2600 2372 2685 ἀμίαν-

296 2747 416 2800 τος,
462 2728 917 2808 κεχωρισμένος
961 2719 1097 2789 dm}
1142 2728 1271 2788 τῶν
1307 2717 1728 2805 ἁμαρτωλῶν,
1770 2726 1955 2805 χωρὶς
2000 2716 2370 2805 ἅμαρτίας).

296 2840 528 2926 Neque
591 2839 1045 2905 desiderantur
1103 2839 1472 2906 testimonia
1524 2837 1851 2924 Apostoli,
1932 2860 2075 2924 quae
2133 2835 2373 2903 Christi

298 2968 595 3023 naturam
641 2969 835 3047 atque
873 2959 1310 3024 conditionem
1349 2957 1696 3022 humanam
1730 2959 2092 3022 accuratius
2136 2956 2374 3021 descri-

298 3075 474 3143 bant.
534 3079 739 3161 ⁴Quia
771 3078 1068 3145 Christus
1109 3077 1321 3161 houm,
1369 3078 1560 3140 etiam
1602 3077 1673 3143 ἐν
1707 3075 2062 3174 ὁμοιώματι
2105 3077 2375 3158 ἀνθρώ-

298 3221 440 3267 πων
483 3203 826 3283 γενόμενος
871 3203 977 3264 καὶ
1022 3199 1287 3284 σχήματι
1332 3196 1623 3281 εὑρεθεὶς
1666 3192 1751 3272 ὥς
1795 3196 2155 3278 ἄνθρωπος
2179 3191 2371 3276 (Phil.

299 3316 372 3399 2,
432 3316 491 3381 7.
537 3316 597 3380 8.
655 3315 798 3381 coll.
857 3314 1017 3379 Ebr.
1063 3316 1132 3398 2,
1196 3316 1308 3380 17:
1387 3315 1551 3382 navo)
1606 3317 1827 3388 πάντα
1883 3327 2014 3391 τοϊς
2069 3311 2380 3396 α’δελφοῒς

300 3433 749 3524 ὁμοιωθῆναι,
829 3434 973 3499 0011.
1030 3434 1103 3518 4,
1166 3434 1274 3499 15:
1362 3439 1876 3518 πεπειρασμένος
1915 3430 2102 3498 κατὰ
2157 3433 2376 3499 πάντα

300 3553 461 3621 καθ’
496 3552 869 3642 ὁμοιότητα)
931 3563 997 3619 et
1039 3552 1206 3617 hanc
1251 3550 1555 3636 ὁμοίωσιν
1607 3571 1739 3616 non
1798 3550 2050 3615 dubitat
2093 3547 2377 3634 Aposto-

359 3856 412 3924 1)
450 3855 554 3909 Cfr.
585 3857 647 3909 N.
677 3860 733 3910 H.
769 3860 833 3912 cl
850 3821 1050 3912 ausen
1067 3899 1081 3924 ,
1112 3860 1149 3911 F
1154 3857 1450 3925 ortolkning
1469 3858 1527 3909 af
1547 3857 1611 3909 dc
1632 3865 1709 3908 tre
1729 3857 1891 3908 sorste
1911 3852 2243 3921 Evangelia,
2266 3851 2377 3903 1ste

445 3944 502 3995 Η.
531 3962 581 4012 p.
614 3944 838 3997 16—20.
901 3944 1233 4007 Neander,
1277 3943 1326 3994 d.
1357 3942 1529 3994 Lebeu
1555 3943 1698 4007 lesu,
1727 3959 1776 4009 p.
1806 3939 1869 3993 13
1895 3940 1946 3990 ff.

357 4060 416 4128 ⁹)
446 4063 831 4117 conferendum
863 4061 1017 4116 illud:
1069 4063 1360 4128 ἐδικαιώθη
1397 4065 1455 4115 ἐν
1491 4062 1777 4134 πνεύματι.
1812 4060 1832 4110 1
1870 4055 1999 4112 Tim.
2028 4056 2093 4121 3,
2124 4047 2214 4109 16.λ
2243 4052 2376 4110 κατὰ

441 4151 658 4222 πνεῦμα
694 4150 1018 4216 ἁγιωσύνης.
1056 4149 1204 4202 Rom.
1237 4148 1286 4213 1,
1313 4151 1362 4201 4.

1915 4242 1980 4297 2*
