3034 4759
1544 325 1632 390 30

546 548 693 617 μεσι
736 534 844 596 καὶ
884 530 1242 616 πνεύματος
1291 525 1476 610 ἇγίου
1516 540 1861 615 μερισμοῖς.
1946 526 2037 592 Et
2080 546 2225 613 quse
2268 525 2359 591 ita
2398 525 2623 591 indefi-

553 650 685 713 nite
732 656 1333 732 commemorantur,
1383 667 1610 740 eorum
1642 645 1799 710 facit
1830 646 2226 711 mentionem
2260 644 2623 731 pleniorem

554 775 621 831 et
663 755 1130 833 accuratiorem
1154 766 1510 853 Apostolus
1555 767 1623 830 in
1673 787 1792 830 sua
1824 765 2028 852 ipsius
2072 765 2208 829 vita
2250 772 2444 850 atque
2490 785 2624 827 mu·
2727 849 2736 852 -

552 907 709 950 nere
779 885 1243 970 describendo,
1337 885 1632 951 scribens
1709 883 1795 949 ad
1857 884 2185 949 Romanos
2252 882 2400 969 (15,
2480 882 2622 968 18):

555 1006 1016 1089 κατειργάσατο
1061 1006 1337 1090 Χριστὸς
1384 1004 1467 1073 δι’
1508 1006 1663 1091 ἐμοῦ
1704 1007 1794 1083 εἰς
1832 999 2124 1092 ὕπακοῆν
2169 1003 2404 1084 ἐθνῶν,
2450 1003 2624 1093 λόγῳ

558 1128 667 1190 καὶ
709 1124 903 1215 ἔργῳ,
959 1125 1033 1193 ἐν
1088 1127 1356 1212 δυνάμει
1409 1129 1682 1210 σημείων
1722 1129 1831 1190 καὶ
1877 1124 2181 1209 τεράτων,
2239 1123 2312 1189 ἐν
2355 1122 2621 1206 δυνάμει

554 1246 914 1328 πνεύματος
948 1241 1133 1324 cirion
1156 1279 1237 1294 -
1263 1242 1558 1309 scribens
1596 1241 1684 1307 ad
1718 1240 2089 1308 Corinthios
2127 1241 2196 1326 (2
2220 1262 2323 1327 ep.
2352 1239 2449 1324 12,
2479 1239 2619 1325 12):

549 1359 629 1427 τὰ
681 1368 800 1446 μὲν
854 1376 1079 1449 σημεῒα
1142 1368 1252 1432 τοῦ
1309 1361 1671 1430 ἀποστόλου
1712 1363 2154 1448 κατειργάσθη
2221 1360 2293 1427 ἐν
2343 1359 2489 1445 {flav
2552 1361 2623 1429 ἐν

548 1488 729 1574 πασῇ
779 1477 1106 1577 ὑπομονῇ,
1173 1483 1245 1550 ἓν
1301 1488 1583 1568 σημείοις
1635 1485 1745 1548 καὶ
1797 1486 2013 1565 τέρασι
2069 1484 2178 1547 καὶ
2220 1480 2526 1563 δυνάμεσι
2539 1478 2615 1562 ¹).

550 1600 681 1679 Qui
721 1599 821 1664 his
863 1599 1087 1665 verbis
1132 1613 1391 1687 σημεῖα,
1446 1606 1681 1684 τέρατα
1726 1609 1793 1666 et
1848 1600 2149 1685 δυνάμεις
2192 1607 2417 1684 aperte
2465 1597 2626 1683 dicit

551 1718 740 1802 signa
783 1728 850 1783 et
894 1718 1283 1785 documenta
1324 1719 1611 1783 muneris
1657 1718 1757 1783 sui
1805 1717 2177 1806 apostolici,
2234 1740 2389 1782 num
2443 1715 2619 1780 idem

548 1837 734 1901 testis
778 1836 1118 1903 habendus
1165 1847 1284 1922 est,
1330 1837 1591 1902 Christo
1638 1836 1924 1903 defuisse
1969 1836 2327 1903 miracula?

716 1956 1157 2023 Proficiscitur
1210 1957 1384 2023 haud
1449 1958 1645 2024 dubie
1703 1955 1847 2023 talis
1912 1957 2192 2044 suspicio
2249 1978 2338 2021 ex
2396 1977 2478 2021 ea
2533 1954 2640 2019 de.

542 2074 865 2139 miraculis
912 2077 1233 2162 opinione,
1279 2100 1422 2164 quae
1471 2100 1697 2143 eorum
1735 2098 1881 2143 cum
1923 2077 2061 2141 vita
2092 2074 2331 2142 Christi
2373 2095 2616 2142 nexum

543 2192 902 2258 naturalem
962 2205 1055 2280 et,
1148 2207 1224 2262 ut
1292 2198 1386 2262 ita
1451 2197 1692 2281 dicam,
1780 2195 2158 2281 organicum
2230 2196 2369 2260 sive
2433 2173 2617 2279 igno·

542 2321 644 2376 rat
698 2314 837 2377 sive
893 2314 1198 2398 ignorare
1258 2315 1496 2381 studet.
1618 2314 1794 2395 Quid
1848 2323 2063 2380 autem
2117 2323 2364 2382 naturae
2418 2324 2612 2401 atque

547 2431 910 2495 existentiae
980 2431 1224 2498 Christi
1301 2434 1792 2499 convenientius
1806 2483 1828 2518 ,
1902 2455 2096 2520 quam
2161 2432 2613 2498 miraculorum

544 2546 903 2633 splendor?
974 2550 1065 2616 Et
1108 2573 1300 2639 quam
1344 2552 1473 2617 alte
1517 2552 1722 2617 infixa
1765 2561 1865 2618 est
1906 2552 2047 2618 haec
2088 2553 2234 2638 ipsa
2274 2554 2611 2639 persuasio

546 2688 877 2733 sacrorum
921 2670 1311 2756 scriptorum
1365 2672 1626 2737 animisl
1669 2681 1775 2738 .ut
1843 2694 1914 2736 se
1979 2670 2291 2736 miracula
2344 2693 2611 2736 narrare

540 2786 801 2850 minime
869 2787 1214 2873 mirentur,
1295 2792 1406 2875 qni
1483 2791 1567 2855 de
1636 2789 1896 2856 Christo
1973 2789 2278 2856 scribant.
2390 2791 2611 2872 Quare

543 2904 737 2967 etiam
781 2903 938 2989 quid
982 2906 1335 2994 simplicius
1389 2909 1499 2974 illo
1545 2910 1813 2976 Petrino
1869 2909 2238 2974 testimonio
2298 2908 2379 2972 de
2423 2911 2613 2974 mira-

541 3020 700 3086 culis
749 3021 1009 3109 Christi,
1056 3026 1234 3112 quod
1276 3028 1345 3094 in
1387 3028 1535 3094 Act.
1582 3029 1753 3116 App.
1806 3029 1919 3113 10,
1962 3028 2046 3093 38
2089 3028 2189 3093 his
2232 3026 2456 3093 verbis
2501 3050 2611 3092 ex-

458 3212 470 3220 ,
540 3161 840 3224 pressum
893 3141 1201 3230 legimus:
1274 3145 1359 3225 ὥς
1414 3149 1662 3233 ἔχρισεν
1716 3146 1909 3217 aava&
1972 3145 2011 3217 ὅ
2067 3145 2228 3226 θεὸς
2291 3153 2612 3233 πνεῦματι

546 3256 711 3347 ἁγίῳ
776 3263 885 3327 aeda
948 3264 1216 3350 δυνάμει
1231 3313 1249 3345 ,
1312 3268 1383 3346 ὃς
1453 3267 1735 3353 διῆλθεν
1788 3264 2132 3352 εὐεργετῶν
2189 3265 2298 3333 acciu
2350 3268 2612 3352 ἰώμενος

539 3381 792 3458 πάντας
857 3380 997 3461 τοὺς
1080 3385 1822 3470 καταδυναστευομένους
1883 3383 2011 3456 ὕπὸ
2087 3391 2199 3453 τοῦ
2264 3387 2612 3471 διαβόλου.)

541 3496 986 3583 Scriptoribus
1030 3503 1233 3568 sacris
1279 3502 1457 3568 aliud
1502 3512 1605 3569 est
1643 3503 2052 3588 miraculum,
2100 3526 2292 3590 quam
2337 3506 2443 3588 iis,
2500 3504 2610 3589 qui

538 3636 619 3679 ea
660 3617 1057 3685 obtrectant:
1105 3621 1341 3707 quibus
1369 3621 1669 3690 Christus
1714 3631 1816 3688 est
1855 3623 2256 3706 miraculum,
2295 3623 2610 3688 miracula

544 3735 684 3821 ejus
727 3739 1042 3805 mirantur
1087 3739 1381 3826 quidem,
1439 3741 1560 3806 sed
1603 3742 1865 3809 minime
1912 3745 2255 3829 opinantur
2302 3742 2432 3806 fide
2476 3764 2607 3806 ma-

577 4093 630 4160 1)
668 4094 774 4149 cfr.
801 4096 917 4151 Act.
946 4097 1031 4164 19,
1060 4099 1119 4152 11
1152 4115 1264 4170 sqq.
