3034 4759
1622 337 1666 404 6

614 540 866 625 imago:
910 559 1140 608 verum
1179 560 1326 608 ,non
1378 538 1470 606 ita
1525 538 1589 606 ei
1643 538 1998 636 conjuncta
2045 547 2214 606 erat.
2242 537 2392 612 vitae
2437 538 2682 610 Christi

614 659 928 728 memoria
970 680 1118 724 eum
1160 678 1294 724 suae
1334 658 1540 745 ipsius
1582 657 1878 728 historiae.
1907 656 2384 741 recordatione,
2426 666 2499 726 ut
2539 658 2684 726 huso

614 777 788 846 illam
831 799 1092 863 semper
1143 785 1516 861 revocaret,
1585 797 1848 863 semper
1899 784 2312 863 sequeretur,
2376 784 2450 842 ut
2489 798 2597 844 res
2625 786 2686 846 >a'

620 895 879 961 Christo
947 904 1163 981 gestae.
1219 904 1450 982 sponte
1516 916 1591 959 se
1657 894 1972 964 offerrent
2031 894 2376 962 seribenfis
2443 896 2682 966 animo.

618 1014 828 1079 Aliter
883 1035 955 1078 se
1013 1013 1239 1079 habuit
1291 1035 1437 1078 cum
1484 1013 1683 1078 Petro
1700 1062 1718 1096 ‚
1774 1012 1963 1078 aliter
2004 1034 2151 1078 eum
2192 1013 2418 1079 Paule.
2507 1014 2681 1096 Quo-

614 1156 758 1199 rum
810 1132 918 1197 ille
974 1153 1127 1220 pars
1181 1153 1317 1198 non
1373 1131 1635 1222 quidem
1689 1117 1961 1217 magna,
2026 1129 2146 1195 sed
2200 1139 2421 1196 tamen
2462 1130 2688 1219 aliqua

615 1251 736 1316 fuit
750 1300 768 1334 ‚
826 1272 1051 1317 eorum
1107 1251 1302 1328 etjam
1357 1258 1657 1322 narrator
1693 1258 1782 1315 -et
1835 1257 2376 1318 commemorator
2429 1249 2718 1334 facilius¹

617 1371 901 1436 existere
955 1370 1194 1456 potuit:
1263 1368 1661 1434 eonseientia
1726 1367 1870 1453 ejus
1933 1368 2281 1434 christiana
2343 1366 2682 1452 elementis

617 1489 939 1576 historieis
982 1485 1459 1576 quodammodo
1494 1484 1752 1573 plenius
1785 1485 2052 1570 imbuta,
2094 1485 2361 1553 uberius
2394 1487 2682 1575 perfusa.

620 1608 842 1689 Quare
886 1608 942 1672 si
986 1616 1144 1694 quot
1176 1605 1443 1688 Paulus,
1487 1613 1586 1670 tot
1623 1605 1817 1671 etiam
1857 1605 2095 1671 Petrus
2140 1605 2508 1693 scripsisset
2550 1607 2684 1694 epi-

620 1725 840 1809 stolas,
883 1723 1254 1791 verosimile
1301 1720 1578 1789 dixerim
1593 1771 1611 1808 ‚
1658 1723 2105 1812 frequentiora
2145 1733 2212 1789 et
2253 1723 2548 1811 pleniora
2587 1733 2682 1798 te-

619 1845 917 1910 stimonia
955 1843 1240 1909 historiae
1284 1842 1684 1928 evangelicae
1728 1845 1818 1909 ita
1859 1842 1946 1909 ad
1986 1864 2107 1909 nos
2149 1843 2433 1911 venisse.

1580 2049 1621 2128 ἓ
1665 2045 1727 2109 5.
1775 2121 1778 2128 .

789 2199 953 2281 Quae
1007 2199 1076 2264 in
1131 2196 1420 2285 epistolis
1465 2196 1755 2266 Paulinis
1815 2196 2079 2265 devita
2125 2199 2367 2267 Christi
2420 2200 2682 2270 tradun-

616 2327 739 2404 tur,
776 2339 914 2407 -quo
951 2319 1180 2405 magis,
1222 2326 1295 2382 ut
1326 2318 1469 2403 jam
1502 2315 2013 2402 observavimus,
2058 2316 2268 2385 obiter
2299 2329 2552 2388 tantum
2591 2321 2685 2386 af-

614 2437 774 2503 ferri
837 2436 1047 2504 selent
1112 2444 1179 2500 et
1241 2433 1476 2500 leviter
1544 2414 1949 2501 solummodo
2015 2436 2478 2506 adumbrantur
2534 2439 2679 2527 (efr-

614 2558 801 2622 Rom.
845 2547 905 2641 6,
949 2556 995 2620 4
1036 2553 1231 2643 sqq.)‚
1277 2575 1356 2619 eo
1399 2552 1654 2620 facilius
1694 2553 1839 2619 fieri
1879 2563 2115 2642 potest,
2157 2565 2231 2621 ut
2270 2578 2404 2621 non
2442 2580 2565 2644 per
2607 2580 2682 2624 se

617 2677 744 2742 sint
784 2675 1134 2762 perspieua
1173 2695 1387 2760 neque
1431 2682 1737 2739 accurate
1790 2673 2234 2759 intelligantur
2286 2677 2427 2742 sine
2488 2697 2684 2742 evan-

616 2794 938 2880 geliorum
982 2791 1245 2857 auxilio.
1336 2791 1557 2872 Quare
1618 2814 1761 2879 quae
1819 2791 2248 2878 evangelistis·
2279 2795 2543 2882 proprie
2574 2795 2684 2861 ‚sie

619 2911 809 2976 dietis
873 2908 1187 2978 debemus
1202 2960 1219 2995 ‚
1265 2931 1441 2997 saepe
1482 2909 1697 2976 lucem
1740 2909 2077 2980 affundunt
2118 2911 2339 2978 verbis
2380 2912 2684 3000 Apostoli

618 3038 686 3094 et
727 3030 796 3092 in
838 3027 1015 3092 hisee
1059 3028 1281 3094 verbis
1327 3051 1407 3094 ea
1448 3050 1570 3093 nos
1612 3027 1841 3095 videre
1894 3031 2141 3115 sinunt,
2187 3052 2351 3117 quse,
2401 3052 2682 3117 evange-

613 3147 904 3212 listarum
951 3169 1074 3233 ope
1114 3145 1455 3231 destitutis,
1502 3149 1617 3212 vix
1658 3147 1973 3233 indagare
2017 3148 2206 3214 nobis
2242 3148 2489 3214 liceret.
2557 3148 2683 3214 Ta-

614 3287 765 3330 men
798 3267 950 3351 jure
995 3275 1217 3331 nostro
1264 3264 1555 3350 dicimus,
1602 3266 1797 3331 etiam
1839 3265 1953 3332 ubi
1986 3288 2094 3332 res
2129 3267 2221 3332 ita
2255 3289 2328 3332 se
2377 3266 2679 3351 babeant,

616 3383 888 3452 Paulum
925 3383 1310 3472 Apostolum
1361 3405 1480 3450 sua
1523 3386 1904 3451 auctoritate
1941 3384 2355 3452 traditionem
2399 3407 2682 3471 evange·

614 3501 805 3573 licam
847 3503 1124 3569 firmare.

1580 3707 1727 3787 §6.

786 3858 1123 3928 Habemus
1167 3859 1235 3924 in
1280 3858 1570 3946 epistolis
1613 3858 2010 3946 Apostolieis
2052 3879 2185 3925 non
2229 3857 2454 3944 solum,
2507 3859 2683 3948 quod

608 3980 748 4066 jam
794 3978 1103 4064 diximus,
1150 3978 1525 4066 evangelia,
1575 3999 1802 4044 verum
1847 3979 2040 4043 etiam
2082 3979 2292 4066 prima
2335 3978 2680 4065 evangelia

615 4135 700 4153 ..-
744 4097 986 4192 scripta
1042 4098 1290 4166 scilieet
1344 4134 1427 4149 -
1480 4097 1701 4190 priora
1766 4106 2042 4188 quatuor
2104 4095 2232 4164 illis
2299 4095 2679 4186 evangeliis,
