<?xml version="1.0" encoding="UTF-8"?>
<!DOCTYPE html PUBLIC "-//W3C//DTD XHTML 1.0 Transitional//EN"
    "http://www.w3.org/TR/xhtml1/DTD/xhtml1-transitional.dtd">
<html xmlns="http://www.w3.org/1999/xhtml" xml:lang="en" lang="en">
 <head>
  <title>
</title>
<meta http-equiv="Content-Type" content="text/html;charset=utf-8" />
  <meta name='ocr-system' content='tesseract 3.04.00' />
  <meta name='ocr-capabilities' content='ocr_page ocr_carea ocr_par ocr_line ocrx_word'/>
</head>
<body>
  <div class='ocr_page' id='page_1' title='image "./vitajesuchristi00koltgoog_0011.png"; bbox 0 0 3034 4759; ppageno 0'>
   <div class='ocr_carea' id='block_1_1' title="bbox 1301 363 1343 430">
    <p class='ocr_par' dir='ltr' id='par_1_1' title="bbox 1301 363 1343 430">
     <span class='ocr_line' id='line_1_1' title="bbox 1301 363 1343 430; baseline 0 0"><span class='ocrx_word' id='word_1_1' title='bbox 1301 363 1343 430; x_wconf 82' lang='lat'><strong>3</strong></span> 
     </span>
    </p>
   </div>
   <div class='ocr_carea' id='block_1_2' title="bbox 297 559 2370 1008">
    <p class='ocr_par' dir='ltr' id='par_1_2' title="bbox 297 559 2370 1008">
     <span class='ocr_line' id='line_1_2' title="bbox 300 559 2364 656; baseline -0.005 -21"><span class='ocrx_word' id='word_1_2' title='bbox 300 567 574 656; x_wconf 66' lang='lat' dir='ltr'>quaestio</span> <span class='ocrx_word' id='word_1_3' title='bbox 620 566 702 632; x_wconf 87' lang='lat' dir='ltr'>de</span> <span class='ocrx_word' id='word_1_4' title='bbox 746 563 1237 650; x_wconf 80' lang='lat' dir='ltr'>evangeliorum</span> <span class='ocrx_word' id='word_1_5' title='bbox 1283 584 1607 631; x_wconf 83' lang='lat' dir='ltr'>consensu</span> <span class='ocrx_word' id='word_1_6' title='bbox 1651 559 1904 626; x_wconf 84' lang='lat' dir='ltr'>verbali</span> <span class='ocrx_word' id='word_1_7' title='bbox 1946 570 2012 626; x_wconf 77' lang='lat' dir='ltr'>et</span> <span class='ocrx_word' id='word_1_8' title='bbox 2063 561 2364 625; x_wconf 71' lang='lat' dir='ltr'>&#39;dxssensu</span> 
     </span>
     <span class='ocr_line' id='line_1_3' title="bbox 297 661 2370 772; baseline -0.005 -21"><span class='ocrx_word' id='word_1_9' title='bbox 297 685 464 752; x_wconf 75' lang='lat' dir='ltr'>reali</span> <span class='ocrx_word' id='word_1_10' title='bbox 508 661 926 772; x_wconf 50' lang='lat' dir='ltr'>explicandoj</span> <span class='ocrx_word' id='word_1_11' title='bbox 976 673 1137 769; x_wconf 76' lang='lat' dir='ltr'>quot</span> <span class='ocrx_word' id='word_1_12' title='bbox 1172 677 1665 749; x_wconf 78' lang='lat' dir='ltr'>difficultatibus</span> <span class='ocrx_word' id='word_1_13' title='bbox 1710 680 1793 745; x_wconf 88' lang='lat' dir='ltr'>de</span> <span class='ocrx_word' id='word_1_14' title='bbox 1842 677 2129 744; x_wconf 82' lang='lat' dir='ltr'>fontibus</span> <span class='ocrx_word' id='word_1_15' title='bbox 2175 699 2370 742; x_wconf 85' lang='lat' dir='ltr'>evan-</span> 
     </span>
     <span class='ocr_line' id='line_1_4' title="bbox 299 795 2367 890; baseline -0.002 -21"><span class='ocrx_word' id='word_1_16' title='bbox 299 803 618 890; x_wconf 74' lang='lat' dir='ltr'>geliorum</span> <span class='ocrx_word' id='word_1_17' title='bbox 641 801 935 890; x_wconf 71' lang='lat' dir='ltr'>&#39;quaestio</span> <span class='ocrx_word' id='word_1_18' title='bbox 982 810 1051 868; x_wconf 88' lang='lat' dir='ltr'>et</span> <span class='ocrx_word' id='word_1_19' title='bbox 1098 800 1180 866; x_wconf 87' lang='lat' dir='ltr'>de</span> <span class='ocrx_word' id='word_1_20' title='bbox 1237 809 1462 868; x_wconf 78' lang='lat' dir='ltr'>mutua</span> <span class='ocrx_word' id='word_1_21' title='bbox 1515 800 1903 887; x_wconf 84' lang='lat' dir='ltr'>scriptorum</span> <span class='ocrx_word' id='word_1_22' title='bbox 1946 796 2262 863; x_wconf 81' lang='lat' dir='ltr'>relatione</span> <span class='ocrx_word' id='word_1_23' title='bbox 2277 795 2367 883; x_wconf 86' lang='lat'>¹):</span> 
     </span>
     <span class='ocr_line' id='line_1_5' title="bbox 298 918 2370 1008; baseline -0.003 -19"><span class='ocrx_word' id='word_1_24' title='bbox 298 921 612 1008; x_wconf 72' lang='lat' dir='ltr'>sufficiat,</span> <span class='ocrx_word' id='word_1_25' title='bbox 665 920 772 987; x_wconf 80' lang='lat' dir='ltr'>hie</span> <span class='ocrx_word' id='word_1_26' title='bbox 814 919 1023 988; x_wconf 80' lang='lat' dir='ltr'>verbo</span> <span class='ocrx_word' id='word_1_27' title='bbox 1066 929 1316 987; x_wconf 78' lang='lat' dir='ltr'>tantum</span> <span class='ocrx_word' id='word_1_28' title='bbox 1358 941 1629 985; x_wconf 86' lang='lat' dir='ltr'>monere</span> <span class='ocrx_word' id='word_1_29' title='bbox 1676 918 1759 984; x_wconf 86' lang='lat' dir='ltr'>de</span> <span class='ocrx_word' id='word_1_30' title='bbox 1817 919 2105 1006; x_wconf 81' lang='lat' dir='ltr'>ipsarum</span> <span class='ocrx_word' id='word_1_31' title='bbox 2148 936 2370 984; x_wconf 73' lang='lat' dir='ltr'>narra·</span> 
     </span>
    </p>
   </div>
   <div class='ocr_carea' id='block_1_3' title="bbox 308 1181 2390 4231">
    <p class='ocr_par' dir='ltr' id='par_1_3' title="bbox 308 1181 2380 2783">
     <span class='ocr_line' id='line_1_6' title="bbox 308 1181 2370 1264; baseline -0.001 -22"><span class='ocrx_word' id='word_1_32' title='bbox 308 1181 317 1212; x_wconf 73' lang='lat'>²</span> <span class='ocrx_word' id='word_1_33' title='bbox 348 1189 399 1257; x_wconf 77' lang='grc'>1)</span> <span class='ocrx_word' id='word_1_34' title='bbox 440 1190 670 1257; x_wconf 70' lang='lat' dir='ltr'>Quaestio</span> <span class='ocrx_word' id='word_1_35' title='bbox 700 1191 839 1246; x_wconf 77' lang='lat' dir='ltr'>haud</span> <span class='ocrx_word' id='word_1_36' title='bbox 864 1193 1022 1248; x_wconf 84' lang='lat' dir='ltr'>dubie</span> <span class='ocrx_word' id='word_1_37' title='bbox 1059 1183 1349 1264; x_wconf 57' lang='lat' dir='ltr'>gravissimi</span> <span class='ocrx_word' id='word_1_38' title='bbox 1387 1193 1663 1258; x_wconf 75' lang='lat' dir='ltr'><strong>momenti,</strong></span> <span class='ocrx_word' id='word_1_39' title='bbox 1700 1187 1825 1244; x_wconf 88' lang='lat' dir='ltr'>licet</span> <span class='ocrx_word' id='word_1_40' title='bbox 1862 1207 1965 1244; x_wconf 91' lang='lat' dir='ltr'>non</span> <span class='ocrx_word' id='word_1_41' title='bbox 2002 1190 2218 1244; x_wconf 78' lang='lat' dir='ltr'>dixerim</span> <span class='ocrx_word' id='word_1_42' title='bbox 2257 1201 2370 1240; x_wconf 87' lang='lat' dir='ltr'>cum</span> 
     </span>
     <span class='ocr_line' id='line_1_7' title="bbox 436 1271 2370 1346; baseline -0.003 -16"><span class='ocrx_word' id='word_1_43' title='bbox 436 1274 493 1330; x_wconf 69' lang='lat'>1³.</span> <span class='ocrx_word' id='word_1_44' title='bbox 521 1274 666 1330; x_wconf 77' lang='lat' dir='ltr'>Chr.</span> <span class='ocrx_word' id='word_1_45' title='bbox 687 1277 859 1331; x_wconf 80' lang='lat' dir='ltr'>Baur</span> <span class='ocrx_word' id='word_1_46' title='bbox 895 1278 1177 1345; x_wconf 73' lang='lat' dir='ltr'>(kritiselie</span> <span class='ocrx_word' id='word_1_47' title='bbox 1202 1277 1678 1346; x_wconf 59' lang='lat' dir='ltr'>notamen-gen</span> <span class='ocrx_word' id='word_1_48' title='bbox 1713 1276 1846 1330; x_wconf 70' lang='lat' dir='ltr'>uber</span> <span class='ocrx_word' id='word_1_49' title='bbox 1884 1275 1969 1329; x_wconf 79' lang='lat' dir='ltr'>die</span> <span class='ocrx_word' id='word_1_50' title='bbox 2009 1271 2370 1328; x_wconf 72' lang='lat' dir='ltr'>kanonisehen</span> 
     </span>
     <span class='ocr_line' id='line_1_8' title="bbox 410 1358 2371 1432; baseline -0.002 -18"><span class='ocrx_word' id='word_1_51' title='bbox 410 1361 777 1430; x_wconf 64' lang='lat' dir='ltr'>‘Evangeliem</span> <span class='ocrx_word' id='word_1_52' title='bbox 805 1379 855 1431; x_wconf 84' lang='lat' dir='ltr'>p.</span> <span class='ocrx_word' id='word_1_53' title='bbox 887 1360 1019 1430; x_wconf 71' lang='lat' dir='ltr'>m:-</span> <span class='ocrx_word' id='word_1_54' title='bbox 1040 1364 1149 1431; x_wconf 79' lang='lat' dir='ltr'>„An</span> <span class='ocrx_word' id='word_1_55' title='bbox 1176 1364 1351 1417; x_wconf 83' lang='lat' dir='ltr'>dieser</span> <span class='ocrx_word' id='word_1_56' title='bbox 1375 1364 1544 1416; x_wconf 84' lang='lat' dir='ltr'>Eineu</span> <span class='ocrx_word' id='word_1_57' title='bbox 1561 1363 1734 1431; x_wconf 80' lang='lat' dir='ltr'>Frage</span> <span class='ocrx_word' id='word_1_58' title='bbox 1758 1370 1844 1432; x_wconf 71' lang='grc' dir='ltr'>(οε</span> <span class='ocrx_word' id='word_1_59' title='bbox 1874 1363 1981 1414; x_wconf 85' lang='lat' dir='ltr'>wie</span> <span class='ocrx_word' id='word_1_60' title='bbox 2009 1360 2103 1412; x_wconf 77' lang='lat' dir='ltr'>das</span> <span class='ocrx_word' id='word_1_61' title='bbox 2122 1358 2371 1411; x_wconf 66' lang='lat' dir='ltr'>Verbalt-</span> 
     </span>
     <span class='ocr_line' id='line_1_9' title="bbox 439 1441 2369 1515; baseline -0.003 -17"><span class='ocrx_word' id='word_1_62' title='bbox 439 1448 543 1498; x_wconf 88' lang='lat' dir='ltr'>niss</span> <span class='ocrx_word' id='word_1_63' title='bbox 571 1445 665 1498; x_wconf 87' lang='lat' dir='ltr'>der</span> <span class='ocrx_word' id='word_1_64' title='bbox 690 1445 1017 1515; x_wconf 76' lang='lat' dir='ltr'>Evangelien</span> <span class='ocrx_word' id='word_1_65' title='bbox 1045 1465 1108 1500; x_wconf 84' lang='lat' dir='ltr'>zu</span> <span class='ocrx_word' id='word_1_66' title='bbox 1137 1449 1390 1502; x_wconf 82' lang='lat' dir='ltr'>einander</span> <span class='ocrx_word' id='word_1_67' title='bbox 1414 1445 1680 1500; x_wconf 85' lang='lat' dir='ltr'>bestimmt</span> <span class='ocrx_word' id='word_1_68' title='bbox 1705 1446 1921 1501; x_wconf 85' lang='lat' dir='ltr'>werden</span> <span class='ocrx_word' id='word_1_69' title='bbox 1955 1441 2080 1511; x_wconf 87' lang='lat' dir='ltr'>soll)</span> <span class='ocrx_word' id='word_1_70' title='bbox 2111 1443 2270 1511; x_wconf 67' lang='lat' dir='ltr'>hangt</span> <span class='ocrx_word' id='word_1_71' title='bbox 2290 1442 2369 1508; x_wconf 79' lang='lat' dir='ltr'>ja,</span> 
     </span>
     <span class='ocr_line' id='line_1_10' title="bbox 438 1529 2373 1601; baseline -0.002 -17"><span class='ocrx_word' id='word_1_72' title='bbox 438 1532 541 1584; x_wconf 79' lang='lat' dir='ltr'>wie</span> <span class='ocrx_word' id='word_1_73' title='bbox 567 1531 677 1585; x_wconf 82' lang='lat' dir='ltr'>sieh</span> <span class='ocrx_word' id='word_1_74' title='bbox 701 1533 846 1584; x_wconf 83' lang='lat' dir='ltr'>nicht</span> <span class='ocrx_word' id='word_1_75' title='bbox 869 1532 1097 1601; x_wconf 63' lang='lat' dir='ltr'>liugnen</span> <span class='ocrx_word' id='word_1_76' title='bbox 1123 1534 1270 1598; x_wconf 60' lang='lat' dir='ltr'>lust,</span> <span class='ocrx_word' id='word_1_77' title='bbox 1300 1546 1681 1601; x_wconf 67' lang='lat' dir='ltr'>unsel-ganzes</span> <span class='ocrx_word' id='word_1_78' title='bbox 1707 1533 1915 1585; x_wconf 80' lang='lat' dir='ltr'>wissen</span> <span class='ocrx_word' id='word_1_79' title='bbox 1943 1546 2047 1583; x_wconf 83' lang='lat' dir='ltr'>von</span> <span class='ocrx_word' id='word_1_80' title='bbox 2078 1529 2170 1581; x_wconf 90' lang='lat' dir='ltr'>der</span> <span class='ocrx_word' id='word_1_81' title='bbox 2202 1544 2373 1581; x_wconf 81' lang='lat' dir='ltr'>evan-</span> 
     </span>
     <span class='ocr_line' id='line_1_11' title="bbox 436 1614 2375 1685; baseline -0.002 -17"><span class='ocrx_word' id='word_1_82' title='bbox 436 1614 705 1684; x_wconf 79' lang='lat' dir='ltr'>gelischen</span> <span class='ocrx_word' id='word_1_83' title='bbox 732 1616 1072 1670; x_wconf 82' lang='lat' dir='ltr'>Geschichte:</span> <span class='ocrx_word' id='word_1_84' title='bbox 1118 1620 1187 1672; x_wconf 75' lang='lat' dir='ltr'>ist</span> <span class='ocrx_word' id='word_1_85' title='bbox 1211 1618 1325 1671; x_wconf 77' lang='lat' dir='ltr'>also</span> <span class='ocrx_word' id='word_1_86' title='bbox 1350 1620 1428 1674; x_wconf 86' lang='lat' dir='ltr'>sie</span> <span class='ocrx_word' id='word_1_87' title='bbox 1452 1619 1600 1672; x_wconf 77' lang='lat' dir='ltr'>nicht</span> <span class='ocrx_word' id='word_1_88' title='bbox 1623 1616 1824 1685; x_wconf 65' lang='lat' dir='ltr'>geittst,</span> <span class='ocrx_word' id='word_1_89' title='bbox 1862 1632 1924 1668; x_wconf 87' lang='lat' dir='ltr'>so</span> <span class='ocrx_word' id='word_1_90' title='bbox 1961 1617 2031 1668; x_wconf 87' lang='lat' dir='ltr'>ist</span> <span class='ocrx_word' id='word_1_91' title='bbox 2055 1614 2214 1679; x_wconf 77' lang='lat' dir='ltr'>alles,</span> <span class='ocrx_word' id='word_1_92' title='bbox 2258 1628 2375 1667; x_wconf 76' lang='lat' dir='ltr'>was</span> 
     </span>
     <span class='ocr_line' id='line_1_12' title="bbox 439 1695 2374 1773; baseline -0.002 -22"><span class='ocrx_word' id='word_1_93' title='bbox 439 1716 556 1754; x_wconf 83' lang='lat' dir='ltr'>man</span> <span class='ocrx_word' id='word_1_94' title='bbox 583 1702 681 1753; x_wconf 78' lang='lat' dir='ltr'>auf</span> <span class='ocrx_word' id='word_1_95' title='bbox 699 1704 777 1754; x_wconf 91' lang='lat' dir='ltr'>sie</span> <span class='ocrx_word' id='word_1_96' title='bbox 803 1701 948 1768; x_wconf 85' lang='lat' dir='ltr'>baut,</span> <span class='ocrx_word' id='word_1_97' title='bbox 979 1719 1075 1756; x_wconf 85' lang='grc'>11111·</span> <span class='ocrx_word' id='word_1_98' title='bbox 1102 1706 1186 1756; x_wconf 87' lang='lat' dir='ltr'>ein</span> <span class='ocrx_word' id='word_1_99' title='bbox 1213 1703 1523 1773; x_wconf 87' lang='lat' dir='ltr'>grundloses</span> <span class='ocrx_word' id='word_1_100' title='bbox 1552 1701 1829 1767; x_wconf 66' lang='lat' dir='ltr'>Gebfiude,</span> <span class='ocrx_word' id='word_1_101' title='bbox 1875 1700 2016 1753; x_wconf 84' lang='lat' dir='ltr'>ohne</span> <span class='ocrx_word' id='word_1_102' title='bbox 2053 1695 2154 1751; x_wconf 83' lang='lat' dir='ltr'>alle</span> <span class='ocrx_word' id='word_1_103' title='bbox 2190 1699 2374 1749; x_wconf 89' lang='lat' dir='ltr'>iunere</span> 
     </span>
     <span class='ocr_line' id='line_1_13' title="bbox 438 1781 2375 1854; baseline -0.002 -19"><span class='ocrx_word' id='word_1_104' title='bbox 438 1783 666 1854; x_wconf 76' lang='lat' dir='ltr'>Haltung</span> <span class='ocrx_word' id='word_1_105' title='bbox 699 1785 803 1839; x_wconf 85' lang='lat' dir='ltr'>und</span> <span class='ocrx_word' id='word_1_106' title='bbox 853 1786 1214 1843; x_wconf 87' lang='lat' dir='ltr'>Consistenz.&#39;&#39;</span> <span class='ocrx_word' id='word_1_107' title='bbox 1303 1787 1467 1854; x_wconf 87' lang='lat' dir='ltr'>Hujus</span> <span class='ocrx_word' id='word_1_108' title='bbox 1515 1787 1618 1841; x_wconf 90' lang='lat' dir='ltr'>loci</span> <span class='ocrx_word' id='word_1_109' title='bbox 1666 1802 1784 1839; x_wconf 91' lang='lat' dir='ltr'>esse</span> <span class='ocrx_word' id='word_1_110' title='bbox 1828 1801 1933 1838; x_wconf 91' lang='lat' dir='ltr'>non</span> <span class='ocrx_word' id='word_1_111' title='bbox 1971 1791 2181 1853; x_wconf 81' lang='lat' dir='ltr'>potest,</span> <span class='ocrx_word' id='word_1_112' title='bbox 2229 1781 2375 1850; x_wconf 82' lang='lat' dir='ltr'>quasi</span> 
     </span>
     <span class='ocr_line' id='line_1_14' title="bbox 437 1857 2377 1943; baseline -0.002 -21"><span class='ocrx_word' id='word_1_113' title='bbox 437 1867 610 1923; x_wconf 73' lang='lat' dir='ltr'>obiter</span> <span class='ocrx_word' id='word_1_114' title='bbox 640 1869 778 1924; x_wconf 76' lang='lat' dir='ltr'>illius</span> <span class='ocrx_word' id='word_1_115' title='bbox 816 1865 1115 1940; x_wconf 68' lang='lat' dir='ltr'>questionis</span> <span class='ocrx_word' id='word_1_116' title='bbox 1153 1862 1329 1925; x_wconf 71' lang='lat' dir='ltr'>varias</span> <span class='ocrx_word' id='word_1_117' title='bbox 1367 1881 1523 1943; x_wconf 89' lang='lat' dir='ltr'>atque</span> <span class='ocrx_word' id='word_1_118' title='bbox 1568 1870 1877 1940; x_wconf 84' lang='lat' dir='ltr'>multiplices</span> <span class='ocrx_word' id='word_1_119' title='bbox 1913 1857 2253 1921; x_wconf 75' lang='lat' dir='ltr'>difficultates</span> <span class='ocrx_word' id='word_1_120' title='bbox 2286 1871 2377 1919; x_wconf 84' lang='lat' dir='ltr'>aut</span> 
     </span>
     <span class='ocr_line' id='line_1_15' title="bbox 441 1956 2376 2027; baseline -0.003 -19"><span class='ocrx_word' id='word_1_121' title='bbox 441 1971 703 2022; x_wconf 85' lang='lat' dir='ltr'>exponere</span> <span class='ocrx_word' id='word_1_122' title='bbox 731 1962 820 2007; x_wconf 85' lang='lat' dir='ltr'>aut</span> <span class='ocrx_word' id='word_1_123' title='bbox 845 1958 909 2006; x_wconf 88' lang='lat' dir='ltr'>iis</span> <span class='ocrx_word' id='word_1_124' title='bbox 935 1956 1202 2010; x_wconf 80' lang='lat' dir='ltr'>solvendis</span> <span class='ocrx_word' id='word_1_125' title='bbox 1231 1974 1445 2027; x_wconf 77' lang='lat' dir='ltr'>operam</span> <span class='ocrx_word' id='word_1_126' title='bbox 1473 1966 1702 2011; x_wconf 85' lang='lat' dir='ltr'>nostram</span> <span class='ocrx_word' id='word_1_127' title='bbox 1732 1957 2147 2026; x_wconf 77' lang='lat' dir='ltr'>qualemcunque</span> <span class='ocrx_word' id='word_1_128' title='bbox 2170 1956 2376 2020; x_wconf 80' lang='lat' dir='ltr'>impen-</span> 
     </span>
     <span class='ocr_line' id='line_1_16' title="bbox 440 2036 2376 2111; baseline -0.002 -19"><span class='ocrx_word' id='word_1_129' title='bbox 440 2040 580 2092; x_wconf 90' lang='lat' dir='ltr'>dere.</span> <span class='ocrx_word' id='word_1_130' title='bbox 653 2039 806 2092; x_wconf 80' lang='lat' dir='ltr'>Nulla</span> <span class='ocrx_word' id='word_1_131' title='bbox 853 2039 1005 2091; x_wconf 79' lang='lat' dir='ltr'>facile</span> <span class='ocrx_word' id='word_1_132' title='bbox 1042 2044 1367 2107; x_wconf 81' lang='lat' dir='ltr'>invenietur,</span> <span class='ocrx_word' id='word_1_133' title='bbox 1409 2057 1562 2111; x_wconf 83' lang='lat' dir='ltr'>quam</span> <span class='ocrx_word' id='word_1_134' title='bbox 1589 2041 1790 2108; x_wconf 86' lang='lat' dir='ltr'>majore</span> <span class='ocrx_word' id='word_1_135' title='bbox 1810 2041 1933 2107; x_wconf 90' lang='lat' dir='ltr'>jure</span> <span class='ocrx_word' id='word_1_136' title='bbox 1967 2036 2376 2091; x_wconf 80' lang='lat' dir='ltr'>inextricabilem</span> 
     </span>
     <span class='ocr_line' id='line_1_17' title="bbox 440 2121 2376 2193; baseline -0.002 -18"><span class='ocrx_word' id='word_1_137' title='bbox 440 2123 654 2186; x_wconf 84' lang='lat' dir='ltr'>dixeris,</span> <span class='ocrx_word' id='word_1_138' title='bbox 681 2122 843 2187; x_wconf 83' lang='lat' dir='ltr'>nulla,</span> <span class='ocrx_word' id='word_1_139' title='bbox 872 2138 1005 2192; x_wconf 67' lang='lat' dir='ltr'>qum,</span> <span class='ocrx_word' id='word_1_140' title='bbox 1035 2141 1138 2193; x_wconf 88' lang='lat' dir='ltr'>quo</span> <span class='ocrx_word' id='word_1_141' title='bbox 1164 2125 1337 2193; x_wconf 84' lang='lat' dir='ltr'>plures</span> <span class='ocrx_word' id='word_1_142' title='bbox 1364 2124 1429 2177; x_wconf 79' lang='lat' dir='ltr'>ad</span> <span class='ocrx_word' id='word_1_143' title='bbox 1459 2142 1573 2178; x_wconf 87' lang='lat' dir='ltr'>eam</span> <span class='ocrx_word' id='word_1_144' title='bbox 1604 2128 1767 2193; x_wconf 85' lang='lat' dir='ltr'>ipsam</span> <span class='ocrx_word' id='word_1_145' title='bbox 1797 2124 1881 2177; x_wconf 84' lang='lat' dir='ltr'>vel</span> <span class='ocrx_word' id='word_1_146' title='bbox 1910 2123 1975 2176; x_wconf 85' lang='lat' dir='ltr'>ad</span> <span class='ocrx_word' id='word_1_147' title='bbox 2003 2123 2233 2191; x_wconf 77' lang='lat' dir='ltr'>singulas</span> <span class='ocrx_word' id='word_1_148' title='bbox 2262 2121 2376 2187; x_wconf 86' lang='lat' dir='ltr'>ejus</span> 
     </span>
     <span class='ocr_line' id='line_1_18' title="bbox 441 2206 2380 2276; baseline -0.002 -16"><span class='ocrx_word' id='word_1_149' title='bbox 441 2215 615 2275; x_wconf 76' lang='lat' dir='ltr'>partes</span> <span class='ocrx_word' id='word_1_150' title='bbox 648 2206 948 2259; x_wconf 76' lang='lat' dir='ltr'>tractandas</span> <span class='ocrx_word' id='word_1_151' title='bbox 977 2209 1265 2276; x_wconf 81' lang='lat' dir='ltr'>accedunt,</span> <span class='ocrx_word' id='word_1_152' title='bbox 1312 2225 1376 2262; x_wconf 90' lang='lat' dir='ltr'>eo</span> <span class='ocrx_word' id='word_1_153' title='bbox 1403 2209 1620 2276; x_wconf 83' lang='lat' dir='ltr'>majoris</span> <span class='ocrx_word' id='word_1_154' title='bbox 1660 2208 1855 2263; x_wconf 74' lang='lat' dir='ltr'>dissidii</span> <span class='ocrx_word' id='word_1_155' title='bbox 1890 2209 2092 2262; x_wconf 81' lang='lat' dir='ltr'>semina</span> <span class='ocrx_word' id='word_1_156' title='bbox 2130 2220 2380 2275; x_wconf 83' lang='lat' dir='ltr'>spargere</span> 
     </span>
     <span class='ocr_line' id='line_1_19' title="bbox 441 2279 2380 2359; baseline -0.002 -14"><span class='ocrx_word' id='word_1_157' title='bbox 441 2288 698 2345; x_wconf 75' lang='lat' dir='ltr'>videatur.</span> <span class='ocrx_word' id='word_1_158' title='bbox 772 2291 918 2344; x_wconf 84' lang='lat' dir='ltr'>Haud</span> <span class='ocrx_word' id='word_1_159' title='bbox 965 2292 1121 2346; x_wconf 87' lang='lat' dir='ltr'>dubie</span> <span class='ocrx_word' id='word_1_160' title='bbox 1166 2279 1560 2346; x_wconf 85' lang='lat' dir='ltr'>concedendum</span> <span class='ocrx_word' id='word_1_161' title='bbox 1598 2295 1724 2359; x_wconf 87' lang='lat' dir='ltr'>erit,</span> <span class='ocrx_word' id='word_1_162' title='bbox 1770 2292 1942 2345; x_wconf 87' lang='lat' dir='ltr'>multis</span> <span class='ocrx_word' id='word_1_163' title='bbox 1971 2294 2196 2344; x_wconf 87' lang='lat' dir='ltr'>numeris</span> <span class='ocrx_word' id='word_1_164' title='bbox 2224 2286 2380 2356; x_wconf 78' lang='lat' dir='ltr'>hujus</span> 
     </span>
     <span class='ocr_line' id='line_1_20' title="bbox 443 2364 2380 2447; baseline -0.002 -18"><span class='ocrx_word' id='word_1_165' title='bbox 443 2377 751 2447; x_wconf 67' lang='lat' dir='ltr'>quaestionis</span> <span class='ocrx_word' id='word_1_166' title='bbox 779 2364 1054 2444; x_wconf 81' lang='lat' dir='ltr'>aenigmata</span> <span class='ocrx_word' id='word_1_167' title='bbox 1074 2380 1147 2430; x_wconf 89' lang='lat' dir='ltr'>ita</span> <span class='ocrx_word' id='word_1_168' title='bbox 1166 2380 1298 2432; x_wconf 79' lang='lat' dir='ltr'>solvi</span> <span class='ocrx_word' id='word_1_169' title='bbox 1319 2395 1422 2432; x_wconf 91' lang='lat' dir='ltr'>non</span> <span class='ocrx_word' id='word_1_170' title='bbox 1441 2395 1615 2447; x_wconf 81' lang='lat' dir='ltr'>posse,</span> <span class='ocrx_word' id='word_1_171' title='bbox 1645 2388 1700 2431; x_wconf 85' lang='lat' dir='ltr'>ut</span> <span class='ocrx_word' id='word_1_172' title='bbox 1726 2382 1776 2432; x_wconf 91' lang='lat' dir='ltr'>in</span> <span class='ocrx_word' id='word_1_173' title='bbox 1804 2380 1865 2431; x_wconf 89' lang='lat' dir='ltr'>iis</span> <span class='ocrx_word' id='word_1_174' title='bbox 1893 2376 2217 2445; x_wconf 76' lang='lat' dir='ltr'>explicandis</span> <span class='ocrx_word' id='word_1_175' title='bbox 2246 2391 2380 2427; x_wconf 92' lang='lat' dir='ltr'>con-</span> 
     </span>
     <span class='ocr_line' id='line_1_21' title="bbox 444 2460 2380 2531; baseline -0.002 -18"><span class='ocrx_word' id='word_1_176' title='bbox 444 2463 669 2514; x_wconf 71' lang='lat' dir='ltr'>sentiunt</span> <span class='ocrx_word' id='word_1_177' title='bbox 695 2460 949 2530; x_wconf 79' lang='lat' dir='ltr'>theologi.</span> <span class='ocrx_word' id='word_1_178' title='bbox 1021 2461 1177 2515; x_wconf 76' lang='lat' dir='ltr'>l&#39;eriit</span> <span class='ocrx_word' id='word_1_179' title='bbox 1206 2464 1394 2526; x_wconf 17' lang='lat' dir='ltr'>Aliarum</span> <span class='ocrx_word' id='word_1_180' title='bbox 1432 2480 1604 2516; x_wconf 87' lang='lat' dir='ltr'>rerum</span> <span class='ocrx_word' id='word_1_181' title='bbox 1641 2463 1888 2517; x_wconf 86' lang='lat' dir='ltr'>distincta</span> <span class='ocrx_word' id='word_1_182' title='bbox 1922 2464 2151 2531; x_wconf 81' lang='lat' dir='ltr'>cognitio</span> <span class='ocrx_word' id='word_1_183' title='bbox 2189 2460 2380 2526; x_wconf 85' lang='lat' dir='ltr'>injuria</span> 
     </span>
     <span class='ocr_line' id='line_1_22' title="bbox 450 2539 2380 2617; baseline -0.001 -19"><span class='ocrx_word' id='word_1_184' title='bbox 450 2554 736 2614; x_wconf 83' lang='lat' dir='ltr'>temporum</span> <span class='ocrx_word' id='word_1_185' title='bbox 806 2546 874 2598; x_wconf 79' lang='lat' dir='ltr'>At</span> <span class='ocrx_word' id='word_1_186' title='bbox 900 2545 1024 2599; x_wconf 86' lang='lat' dir='ltr'>nulli</span> <span class='ocrx_word' id='word_1_187' title='bbox 1052 2539 1334 2614; x_wconf 84' lang='lat' dir='ltr'>negamus,</span> <span class='ocrx_word' id='word_1_188' title='bbox 1375 2564 1492 2617; x_wconf 81' lang='lat' dir='ltr'>quoe</span> <span class='ocrx_word' id='word_1_189' title='bbox 1521 2557 1712 2601; x_wconf 76' lang='lat' dir='ltr'>uostrae</span> <span class='ocrx_word' id='word_1_190' title='bbox 1750 2552 1918 2602; x_wconf 69' lang='lat' dir='ltr'>etatis</span> <span class='ocrx_word' id='word_1_191' title='bbox 1949 2548 2180 2614; x_wconf 80' lang='lat' dir='ltr'>theologi</span> <span class='ocrx_word' id='word_1_192' title='bbox 2208 2546 2275 2599; x_wconf 86' lang='lat' dir='ltr'>de</span> <span class='ocrx_word' id='word_1_193' title='bbox 2301 2546 2380 2598; x_wconf 85' lang='lat' dir='ltr'>bis</span> 
     </span>
     <span class='ocr_line' id='line_1_23' title="bbox 448 2618 2379 2701; baseline -0.002 -18"><span class='ocrx_word' id='word_1_194' title='bbox 448 2631 822 2701; x_wconf 69' lang='lat' dir='ltr'>questionibus</span> <span class='ocrx_word' id='word_1_195' title='bbox 859 2634 1205 2699; x_wconf 85' lang='lat' dir='ltr'>scripserunt,</span> <span class='ocrx_word' id='word_1_196' title='bbox 1252 2635 1313 2683; x_wconf 87' lang='lat' dir='ltr'>iis</span> <span class='ocrx_word' id='word_1_197' title='bbox 1353 2629 1491 2684; x_wconf 77' lang='lat' dir='ltr'>haud</span> <span class='ocrx_word' id='word_1_198' title='bbox 1538 2648 1721 2700; x_wconf 79' lang='lat' dir='ltr'>parum</span> <span class='ocrx_word' id='word_1_199' title='bbox 1759 2632 1936 2685; x_wconf 82' lang='lat' dir='ltr'>deberi</span> <span class='ocrx_word' id='word_1_200' title='bbox 1974 2648 2078 2684; x_wconf 89' lang='lat' dir='ltr'>non</span> <span class='ocrx_word' id='word_1_201' title='bbox 2118 2618 2285 2682; x_wconf 86' lang='lat' dir='ltr'>solum</span> <span class='ocrx_word' id='word_1_202' title='bbox 2314 2628 2379 2681; x_wconf 88' lang='lat' dir='ltr'>ad</span> 
     </span>
     <span class='ocr_line' id='line_1_24' title="bbox 448 2713 2380 2783; baseline 0 -17"><span class='ocrx_word' id='word_1_203' title='bbox 448 2713 793 2782; x_wconf 16' lang='lat' dir='ltr'>‘difficultates</span> <span class='ocrx_word' id='word_1_204' title='bbox 811 2717 863 2767; x_wconf 86' lang='lat' dir='ltr'>in</span> <span class='ocrx_word' id='word_1_205' title='bbox 891 2715 1061 2767; x_wconf 88' lang='lat' dir='ltr'>lucem</span> <span class='ocrx_word' id='word_1_206' title='bbox 1089 2715 1446 2783; x_wconf 79' lang='lat' dir='ltr'>proferendas,</span> <span class='ocrx_word' id='word_1_207' title='bbox 1476 2733 1657 2769; x_wconf 80' lang='lat' dir='ltr'>verum</span> <span class='ocrx_word' id='word_1_208' title='bbox 1686 2717 1838 2768; x_wconf 84' lang='lat' dir='ltr'>etiam</span> <span class='ocrx_word' id='word_1_209' title='bbox 1865 2715 1931 2769; x_wconf 83' lang='lat' dir='ltr'>ad</span> <span class='ocrx_word' id='word_1_210' title='bbox 1961 2733 2052 2769; x_wconf 88' lang='lat' dir='ltr'>eas</span> <span class='ocrx_word' id='word_1_211' title='bbox 2078 2715 2380 2779; x_wconf 81' lang='lat' dir='ltr'>solvendas,</span> 
     </span>
    </p>

    <p class='ocr_par' dir='ltr' id='par_1_4' title="bbox 440 2800 2385 3546">
     <span class='ocr_line' id='line_1_25' title="bbox 445 2800 2381 2870; baseline -0.001 -19"><span class='ocrx_word' id='word_1_212' title='bbox 445 2807 499 2851; x_wconf 92' lang='lat' dir='ltr'>et</span> <span class='ocrx_word' id='word_1_213' title='bbox 524 2800 637 2852; x_wconf 75' lang='lat' dir='ltr'>lieri</span> <span class='ocrx_word' id='word_1_214' title='bbox 663 2816 836 2868; x_wconf 83' lang='lat' dir='ltr'>posse,</span> <span class='ocrx_word' id='word_1_215' title='bbox 864 2807 941 2866; x_wconf 87' lang='lat' dir='ltr'>ut,</span> <span class='ocrx_word' id='word_1_216' title='bbox 970 2800 1209 2853; x_wconf 74' lang='lat' dir='ltr'>dissensu</span> <span class='ocrx_word' id='word_1_217' title='bbox 1233 2801 1346 2854; x_wconf 81' lang='lat' dir='ltr'>sere</span> <span class='ocrx_word' id='word_1_218' title='bbox 1373 2802 1438 2853; x_wconf 80' lang='lat' dir='ltr'>ad</span> <span class='ocrx_word' id='word_1_219' title='bbox 1465 2809 1752 2855; x_wconf 85' lang='lat' dir='ltr'>extremum</span> <span class='ocrx_word' id='word_1_220' title='bbox 1777 2802 2051 2870; x_wconf 82' lang='lat' dir='ltr'>perducto,</span> <span class='ocrx_word' id='word_1_221' title='bbox 2083 2803 2381 2854; x_wconf 85' lang='lat' dir='ltr'>restituatur</span> 
     </span>
     <span class='ocr_line' id='line_1_26' title="bbox 448 2884 2382 2956; baseline 0 -20"><span class='ocrx_word' id='word_1_222' title='bbox 448 2884 633 2937; x_wconf 85' lang='lat' dir='ltr'>saltem</span> <span class='ocrx_word' id='word_1_223' title='bbox 663 2900 729 2938; x_wconf 89' lang='lat' dir='ltr'>ex</span> <span class='ocrx_word' id='word_1_224' title='bbox 755 2894 907 2954; x_wconf 84' lang='lat' dir='ltr'>parte</span> <span class='ocrx_word' id='word_1_225' title='bbox 934 2895 1234 2939; x_wconf 88' lang='lat' dir='ltr'>consensus.</span> <span class='ocrx_word' id='word_1_226' title='bbox 1311 2885 1464 2951; x_wconf 88' lang='lat' dir='ltr'>Quod</span> <span class='ocrx_word' id='word_1_227' title='bbox 1494 2902 1598 2940; x_wconf 88' lang='lat' dir='ltr'>non</span> <span class='ocrx_word' id='word_1_228' title='bbox 1626 2903 1867 2956; x_wconf 78' lang='lat' dir='ltr'>sperare,</span> <span class='ocrx_word' id='word_1_229' title='bbox 1907 2886 2121 2939; x_wconf 78' lang='lat' dir='ltr'>difficile</span> <span class='ocrx_word' id='word_1_230' title='bbox 2147 2896 2254 2951; x_wconf 89' lang='lat' dir='ltr'>est,</span> <span class='ocrx_word' id='word_1_231' title='bbox 2293 2884 2382 2937; x_wconf 87' lang='lat' dir='ltr'>ubi</span> 
     </span>
     <span class='ocr_line' id='line_1_27' title="bbox 445 2969 2382 3048; baseline 0.001 -28"><span class='ocrx_word' id='word_1_232' title='bbox 445 2985 561 3038; x_wconf 71' lang='lat' dir='ltr'>quie</span> <span class='ocrx_word' id='word_1_233' title='bbox 587 2969 672 3021; x_wconf 74' lang='lat' dir='ltr'>hic</span> <span class='ocrx_word' id='word_1_234' title='bbox 697 2971 749 3021; x_wconf 90' lang='lat' dir='ltr'>in</span> <span class='ocrx_word' id='word_1_235' title='bbox 788 2985 997 3022; x_wconf 85' lang='lat' dir='ltr'>censum</span> <span class='ocrx_word' id='word_1_236' title='bbox 1026 2972 1209 3022; x_wconf 88' lang='lat' dir='ltr'>venire</span> <span class='ocrx_word' id='word_1_237' title='bbox 1247 2970 1485 3048; x_wconf 42' lang='lat' dir='ltr'>debent„</span> <span class='ocrx_word' id='word_1_238' title='bbox 1509 2987 1573 3023; x_wconf 84' lang='lat' dir='ltr'>ea</span> <span class='ocrx_word' id='word_1_239' title='bbox 1612 2972 1887 3046; x_wconf 71' lang='grc' dir='ltr'>ἀκριβείᾳ,</span> <span class='ocrx_word' id='word_1_240' title='bbox 1929 2988 1992 3024; x_wconf 85' lang='lat' dir='ltr'>ea</span> <span class='ocrx_word' id='word_1_241' title='bbox 2029 2971 2149 3023; x_wconf 80' lang='lat' dir='ltr'>fidei</span> <span class='ocrx_word' id='word_1_242' title='bbox 2185 2973 2382 3039; x_wconf 74' lang='lat' dir='ltr'>pietate</span> 
     </span>
     <span class='ocr_line' id='line_1_28' title="bbox 451 3055 2383 3124; baseline 0 -18"><span class='ocrx_word' id='word_1_243' title='bbox 451 3055 686 3121; x_wconf 71' lang='lat' dir='ltr'>exposita</span> <span class='ocrx_word' id='word_1_244' title='bbox 716 3056 1030 3122; x_wconf 84' lang='lat' dir='ltr'>reperimus,</span> <span class='ocrx_word' id='word_1_245' title='bbox 1062 3070 1163 3124; x_wconf 78' lang='lat' dir='ltr'>qua</span> <span class='ocrx_word' id='word_1_246' title='bbox 1190 3055 1480 3121; x_wconf 84' lang='lat' dir='ltr'>excellunt,</span> <span class='ocrx_word' id='word_1_247' title='bbox 1507 3064 1568 3108; x_wconf 86' lang='lat' dir='ltr'>ut</span> <span class='ocrx_word' id='word_1_248' title='bbox 1593 3056 1724 3109; x_wconf 84' lang='lat' dir='ltr'>alios</span> <span class='ocrx_word' id='word_1_249' title='bbox 1751 3064 1975 3120; x_wconf 86' lang='lat' dir='ltr'>taceam,</span> <span class='ocrx_word' id='word_1_250' title='bbox 2009 3056 2052 3108; x_wconf 88' lang='lat'>1.</span> <span class='ocrx_word' id='word_1_251' title='bbox 2083 3056 2137 3109; x_wconf 88' lang='lat' dir='ltr'>P.</span> <span class='ocrx_word' id='word_1_252' title='bbox 2167 3056 2383 3123; x_wconf 85' lang='lat' dir='ltr'>Lange</span> 
     </span>
     <span class='ocr_line' id='line_1_29' title="bbox 440 3137 2383 3208; baseline 0 -18"><span class='ocrx_word' id='word_1_253' title='bbox 440 3137 564 3203; x_wconf 83' lang='lat' dir='ltr'>(des</span> <span class='ocrx_word' id='word_1_254' title='bbox 595 3137 771 3192; x_wconf 73' lang='lat' dir='ltr'>Lelien</span> <span class='ocrx_word' id='word_1_255' title='bbox 798 3141 944 3205; x_wconf 69' lang='lat' dir='ltr'>lesu,</span> <span class='ocrx_word' id='word_1_256' title='bbox 978 3141 1077 3192; x_wconf 77' lang='lat' dir='ltr'>ist.</span> <span class='ocrx_word' id='word_1_257' title='bbox 1109 3139 1202 3193; x_wconf 88' lang='lat' dir='ltr'>Bd.</span> <span class='ocrx_word' id='word_1_258' title='bbox 1232 3157 1281 3208; x_wconf 84' lang='lat' dir='ltr'>p.</span> <span class='ocrx_word' id='word_1_259' title='bbox 1311 3141 1412 3194; x_wconf 98' lang='grc'>212</span> <span class='ocrx_word' id='word_1_260' title='bbox 1437 3140 1545 3208; x_wconf 62' lang='grc' dir='ltr'>Ε),</span> <span class='ocrx_word' id='word_1_261' title='bbox 1593 3139 1654 3194; x_wconf 79' lang='grc' dir='ltr'>Η.</span> <span class='ocrx_word' id='word_1_262' title='bbox 1684 3141 1768 3194; x_wconf 81' lang='lat' dir='ltr'>W.</span> <span class='ocrx_word' id='word_1_263' title='bbox 1796 3142 1835 3194; x_wconf 90' lang='lat'>1.</span> <span class='ocrx_word' id='word_1_264' title='bbox 1867 3139 2186 3194; x_wconf 67' lang='lat' dir='ltr'>‘thiersch</span> <span class='ocrx_word' id='word_1_265' title='bbox 2213 3138 2383 3205; x_wconf 84' lang='lat' dir='ltr'>(Ver-</span> 
     </span>
     <span class='ocr_line' id='line_1_30' title="bbox 443 3221 2385 3294; baseline 0 -20"><span class='ocrx_word' id='word_1_266' title='bbox 443 3221 573 3274; x_wconf 77' lang='lat' dir='ltr'>sueh</span> <span class='ocrx_word' id='word_1_267' title='bbox 612 3235 704 3274; x_wconf 75' lang='lat' dir='ltr'>zur</span> <span class='ocrx_word' id='word_1_268' title='bbox 728 3223 1063 3292; x_wconf 72' lang='lat' dir='ltr'>nerstellung</span> <span class='ocrx_word' id='word_1_269' title='bbox 1100 3225 1192 3278; x_wconf 88' lang='lat' dir='ltr'>des</span> <span class='ocrx_word' id='word_1_270' title='bbox 1219 3223 1566 3279; x_wconf 75' lang='lat' dir='ltr'>historischen</span> <span class='ocrx_word' id='word_1_271' title='bbox 1593 3226 1949 3294; x_wconf 74' lang='lat' dir='ltr'>Standpunkts</span> <span class='ocrx_word' id='word_1_272' title='bbox 1987 3227 2072 3279; x_wconf 79' lang='lat' dir='ltr'>fiir</span> <span class='ocrx_word' id='word_1_273' title='bbox 2109 3224 2193 3293; x_wconf 86' lang='lat' dir='ltr'>die</span> <span class='ocrx_word' id='word_1_274' title='bbox 2221 3222 2385 3278; x_wconf 77' lang='lat' dir='ltr'>Kritik</span> 
     </span>
     <span class='ocr_line' id='line_1_31' title="bbox 447 3306 2379 3379; baseline 0.001 -20"><span class='ocrx_word' id='word_1_275' title='bbox 447 3306 544 3359; x_wconf 86' lang='lat' dir='ltr'>der</span> <span class='ocrx_word' id='word_1_276' title='bbox 570 3308 1125 3362; x_wconf 83' lang='lat' dir='ltr'>neutestamentlicheu</span> <span class='ocrx_word' id='word_1_277' title='bbox 1154 3310 1415 3363; x_wconf 76' lang='lat' dir='ltr'>Schriften</span> <span class='ocrx_word' id='word_1_278' title='bbox 1442 3328 1492 3379; x_wconf 84' lang='lat' dir='ltr'>p.</span> <span class='ocrx_word' id='word_1_279' title='bbox 1522 3309 1621 3362; x_wconf 85' lang='grc'>119</span> <span class='ocrx_word' id='word_1_280' title='bbox 1648 3310 1734 3379; x_wconf 60' lang='lat' dir='ltr'>ff„</span> <span class='ocrx_word' id='word_1_281' title='bbox 1774 3312 1858 3363; x_wconf 89' lang='lat' dir='ltr'>die</span> <span class='ocrx_word' id='word_1_282' title='bbox 1888 3310 2078 3363; x_wconf 79' lang='lat' dir='ltr'>Kirche</span> <span class='ocrx_word' id='word_1_283' title='bbox 2115 3311 2184 3362; x_wconf 88' lang='lat' dir='ltr'>im</span> <span class='ocrx_word' id='word_1_284' title='bbox 2213 3317 2379 3378; x_wconf 85' lang='lat' dir='ltr'>apost.</span> 
     </span>
     <span class='ocr_line' id='line_1_32' title="bbox 448 3391 2383 3463; baseline 0 -18"><span class='ocrx_word' id='word_1_285' title='bbox 448 3391 698 3446; x_wconf 71' lang='lat' dir='ltr'>Zeitalter</span> <span class='ocrx_word' id='word_1_286' title='bbox 723 3409 772 3461; x_wconf 84' lang='lat' dir='ltr'>p.</span> <span class='ocrx_word' id='word_1_287' title='bbox 802 3393 904 3448; x_wconf 86' lang='lat'>100</span> <span class='ocrx_word' id='word_1_288' title='bbox 929 3393 984 3446; x_wconf 75' lang='lat' dir='ltr'>ff.</span> <span class='ocrx_word' id='word_1_289' title='bbox 1012 3411 1062 3463; x_wconf 84' lang='lat' dir='ltr'>p.</span> <span class='ocrx_word' id='word_1_290' title='bbox 1093 3395 1193 3447; x_wconf 84' lang='lat'>1¹79</span> <span class='ocrx_word' id='word_1_291' title='bbox 1220 3394 1319 3461; x_wconf 65' lang='grc' dir='ltr'>ΕΖ),</span> <span class='ocrx_word' id='word_1_292' title='bbox 1365 3394 1443 3448; x_wconf 91' lang='lat' dir='ltr'>de</span> <span class='ocrx_word' id='word_1_293' title='bbox 1468 3395 1694 3449; x_wconf 86' lang='lat' dir='ltr'>Wette</span> <span class='ocrx_word' id='word_1_294' title='bbox 1733 3393 2037 3462; x_wconf 85' lang='lat' dir='ltr'>(Lehrbuch</span> <span class='ocrx_word' id='word_1_295' title='bbox 2074 3394 2124 3446; x_wconf 88' lang='lat' dir='ltr'>d.</span> <span class='ocrx_word' id='word_1_296' title='bbox 2163 3393 2383 3446; x_wconf 85' lang='lat' dir='ltr'>histor.-</span> 
     </span>
     <span class='ocr_line' id='line_1_33' title="bbox 445 3476 2383 3546; baseline 0.002 -18"><span class='ocrx_word' id='word_1_297' title='bbox 445 3476 566 3529; x_wconf 77' lang='lat' dir='ltr'>krit.</span> <span class='ocrx_word' id='word_1_298' title='bbox 596 3478 803 3531; x_wconf 87' lang='lat' dir='ltr'>Einleit.</span> <span class='ocrx_word' id='word_1_299' title='bbox 835 3478 889 3530; x_wconf 90' lang='lat' dir='ltr'>in</span> <span class='ocrx_word' id='word_1_300' title='bbox 915 3476 964 3529; x_wconf 91' lang='lat' dir='ltr'>d.</span> <span class='ocrx_word' id='word_1_301' title='bbox 993 3478 1115 3531; x_wconf 80' lang='lat' dir='ltr'>kan.</span> <span class='ocrx_word' id='word_1_302' title='bbox 1144 3480 1306 3533; x_wconf 79' lang='lat' dir='ltr'>Buch.</span> <span class='ocrx_word' id='word_1_303' title='bbox 1339 3481 1389 3533; x_wconf 88' lang='lat' dir='ltr'>d.</span> <span class='ocrx_word' id='word_1_304' title='bbox 1425 3481 1485 3534; x_wconf 83' lang='lat' dir='ltr'>N.</span> <span class='ocrx_word' id='word_1_305' title='bbox 1527 3480 1750 3533; x_wconf 73' lang='lat' dir='ltr'>Testem.</span> <span class='ocrx_word' id='word_1_306' title='bbox 1786 3482 1856 3533; x_wconf 78' lang='grc' dir='ltr'>4ι.</span> <span class='ocrx_word' id='word_1_307' title='bbox 1888 3478 2025 3532; x_wconf 84' lang='grc' dir='ltr'>Α1111.</span> <span class='ocrx_word' id='word_1_308' title='bbox 2068 3494 2117 3546; x_wconf 84' lang='lat' dir='ltr'>p.</span> <span class='ocrx_word' id='word_1_309' title='bbox 2150 3479 2242 3532; x_wconf 93' lang='grc'>121</span> <span class='ocrx_word' id='word_1_310' title='bbox 2285 3479 2383 3543; x_wconf 68' lang='lat' dir='ltr'>lh),</span> 
     </span>
    </p>

    <p class='ocr_par' dir='ltr' id='par_1_5' title="bbox 320 3555 2385 3802">
     <span class='ocr_line' id='line_1_34' title="bbox 320 3555 2383 3633; baseline 0.001 -20"><span class='ocrx_word' id='word_1_311' title='bbox 320 3555 327 3564; x_wconf 70' lang='lat'><em>⁰</em></span> <span class='ocrx_word' id='word_1_312' title='bbox 444 3559 645 3614; x_wconf 81' lang='lat' dir='ltr'>Bleek</span> <span class='ocrx_word' id='word_1_313' title='bbox 671 3559 945 3631; x_wconf 67' lang='lat' dir='ltr'>(Beitrage</span> <span class='ocrx_word' id='word_1_314' title='bbox 972 3577 1064 3615; x_wconf 86' lang='lat' dir='ltr'>zur</span> <span class='ocrx_word' id='word_1_315' title='bbox 1089 3561 1677 3633; x_wconf 79' lang='lat' dir='ltr'>Evangelien-Kritik),</span> <span class='ocrx_word' id='word_1_316' title='bbox 1725 3564 1786 3616; x_wconf 81' lang='grc' dir='ltr'>Η.</span> <span class='ocrx_word' id='word_1_317' title='bbox 1817 3563 1877 3618; x_wconf 79' lang='grc' dir='ltr'>Ν.</span> <span class='ocrx_word' id='word_1_318' title='bbox 1901 3563 2194 3618; x_wconf 50' lang='lat' dir='ltr'>*Clausen</span> <span class='ocrx_word' id='word_1_319' title='bbox 2223 3564 2383 3625; x_wconf 90' lang='lat' dir='ltr'>(For-</span> 
     </span>
     <span class='ocr_line' id='line_1_35' title="bbox 447 3643 2378 3719; baseline 0.003 -23"><span class='ocrx_word' id='word_1_320' title='bbox 447 3644 682 3714; x_wconf 81' lang='lat' dir='ltr'>tolkning</span> <span class='ocrx_word' id='word_1_321' title='bbox 723 3643 782 3699; x_wconf 72' lang='lat' dir='ltr'>af</span> <span class='ocrx_word' id='word_1_322' title='bbox 813 3646 879 3700; x_wconf 91' lang='lat' dir='ltr'>de</span> <span class='ocrx_word' id='word_1_323' title='bbox 916 3657 996 3700; x_wconf 88' lang='lat' dir='ltr'>tre</span> <span class='ocrx_word' id='word_1_324' title='bbox 1033 3648 1198 3702; x_wconf 75' lang='lat' dir='ltr'>sorste</span> <span class='ocrx_word' id='word_1_325' title='bbox 1225 3650 1558 3719; x_wconf 77' lang='lat' dir='ltr'>Evangelier.</span> <span class='ocrx_word' id='word_1_326' title='bbox 1623 3651 1856 3704; x_wconf 87' lang='lat' dir='ltr'>lndledn.</span> <span class='ocrx_word' id='word_1_327' title='bbox 1887 3667 1936 3719; x_wconf 82' lang='lat' dir='ltr'>p.</span> <span class='ocrx_word' id='word_1_328' title='bbox 1962 3650 2023 3703; x_wconf 78' lang='lat'>41</span> <span class='ocrx_word' id='word_1_329' title='bbox 2068 3649 2184 3717; x_wconf 54' lang='grc' dir='ltr'>ἦ),</span> <span class='ocrx_word' id='word_1_330' title='bbox 2224 3646 2279 3700; x_wconf 90' lang='lat' dir='ltr'>C.</span> <span class='ocrx_word' id='word_1_331' title='bbox 2321 3647 2378 3699; x_wconf 87' lang='lat' dir='ltr'>E.</span> 
     </span>
     <span class='ocr_line' id='line_1_36' title="bbox 448 3729 2385 3802; baseline 0.001 -18"><span class='ocrx_word' id='word_1_332' title='bbox 448 3729 813 3800; x_wconf 65' lang='lat' dir='ltr'>scherling</span> <span class='ocrx_word' id='word_1_333' title='bbox 850 3733 917 3799; x_wconf 82' lang='grc' dir='ltr'>(Τ</span> <span class='ocrx_word' id='word_1_334' title='bbox 920 3729 1129 3802; x_wconf 80' lang='lat' dir='ltr'>heolog.</span> <span class='ocrx_word' id='word_1_335' title='bbox 1159 3734 1449 3789; x_wconf 79' lang='lat' dir='ltr'>Tidsskril&#39;t.</span> <span class='ocrx_word' id='word_1_336' title='bbox 1491 3738 1641 3791; x_wconf 75' lang='lat'><strong>1846.</strong></span> <span class='ocrx_word' id='word_1_337' title='bbox 1686 3736 1798 3790; x_wconf 76' lang='lat' dir='ltr'>iste</span> <span class='ocrx_word' id='word_1_338' title='bbox 1837 3735 1896 3790; x_wconf 81' lang='lat' dir='ltr'>H.</span> <span class='ocrx_word' id='word_1_339' title='bbox 1938 3743 1991 3788; x_wconf 84' lang='lat' dir='ltr'>et</span> <span class='ocrx_word' id='word_1_340' title='bbox 2027 3734 2214 3800; x_wconf 85' lang='lat' dir='ltr'>alias),</span> <span class='ocrx_word' id='word_1_341' title='bbox 2259 3733 2297 3784; x_wconf 91' lang='lat'>1.</span> <span class='ocrx_word' id='word_1_342' title='bbox 2329 3732 2385 3786; x_wconf 83' lang='grc' dir='ltr'>Ρ.</span> 
     </span>
    </p>

    <p class='ocr_par' dir='ltr' id='par_1_6' title="bbox 322 3813 2390 4231">
     <span class='ocr_line' id='line_1_37' title="bbox 322 3813 2382 3892; baseline 0.002 -26"><span class='ocrx_word' id='word_1_343' title='bbox 322 3829 331 3836; x_wconf 94' lang='grc'><em>·</em></span> <span class='ocrx_word' id='word_1_344' title='bbox 445 3813 740 3883; x_wconf 75' lang='lat' dir='ltr'>Mynster</span> <span class='ocrx_word' id='word_1_345' title='bbox 777 3821 887 3878; x_wconf 84' lang='lat' dir='ltr'>(om</span> <span class='ocrx_word' id='word_1_346' title='bbox 928 3819 994 3871; x_wconf 87' lang='lat' dir='ltr'>de</span> <span class='ocrx_word' id='word_1_347' title='bbox 1031 3821 1336 3890; x_wconf 76' lang='lat' dir='ltr'>synoptiske</span> <span class='ocrx_word' id='word_1_348' title='bbox 1362 3820 1696 3892; x_wconf 83' lang='lat' dir='ltr'>Evangelier.</span> <span class='ocrx_word' id='word_1_349' title='bbox 1754 3821 1928 3874; x_wconf 82' lang='lat' dir='ltr'>Theol.</span> <span class='ocrx_word' id='word_1_350' title='bbox 1961 3819 2189 3873; x_wconf 81' lang='lat' dir='ltr'>Tidsskr.</span> <span class='ocrx_word' id='word_1_351' title='bbox 2230 3818 2382 3883; x_wconf 84' lang='grc'>1842,</span> 
     </span>
     <span class='ocr_line' id='line_1_38' title="bbox 324 3900 2382 3977; baseline 0.001 -25"><span class='ocrx_word' id='word_1_352' title='bbox 324 3905 331 3910; x_wconf 84' lang='grc'><strong>’</strong></span> <span class='ocrx_word' id='word_1_353' title='bbox 446 3901 558 3953; x_wconf 72' lang='lat' dir='ltr'>iste</span> <span class='ocrx_word' id='word_1_354' title='bbox 586 3900 695 3968; x_wconf 83' lang='grc' dir='ltr'><strong>Η.).</strong></span> <span class='ocrx_word' id='word_1_355' title='bbox 765 3901 915 3955; x_wconf 77' lang='lat' dir='ltr'>Patet</span> <span class='ocrx_word' id='word_1_356' title='bbox 939 3918 1068 3958; x_wconf 79' lang='lat' dir='ltr'>vero</span> <span class='ocrx_word' id='word_1_357' title='bbox 1096 3921 1162 3957; x_wconf 87' lang='lat' dir='ltr'>ex</span> <span class='ocrx_word' id='word_1_358' title='bbox 1180 3905 1261 3958; x_wconf 82' lang='lat' dir='ltr'>his</span> <span class='ocrx_word' id='word_1_359' title='bbox 1284 3908 1408 3975; x_wconf 87' lang='lat' dir='ltr'>ipsis</span> <span class='ocrx_word' id='word_1_360' title='bbox 1437 3908 1720 3977; x_wconf 83' lang='lat' dir='ltr'>opusculis,</span> <span class='ocrx_word' id='word_1_361' title='bbox 1765 3915 1910 3960; x_wconf 84' lang='lat' dir='ltr'>tanta</span> <span class='ocrx_word' id='word_1_362' title='bbox 1950 3904 2201 3973; x_wconf 80' lang='lat' dir='ltr'>religione</span> <span class='ocrx_word' id='word_1_363' title='bbox 2226 3904 2382 3955; x_wconf 88' lang='lat' dir='ltr'>lucu-</span> 
     </span>
     <span class='ocr_line' id='line_1_39' title="bbox 326 3981 2383 4068; baseline 0.001 -30"><span class='ocrx_word' id='word_1_364' title='bbox 326 3985 333 3994; x_wconf 84' lang='lat'>&#39;</span> <span class='ocrx_word' id='word_1_365' title='bbox 446 3981 638 4068; x_wconf 63' lang='lat' dir='ltr'>brutis,</span> <span class='ocrx_word' id='word_1_366' title='bbox 686 4003 840 4056; x_wconf 85' lang='lat' dir='ltr'>quam</span> <span class='ocrx_word' id='word_1_367' title='bbox 866 3991 935 4041; x_wconf 88' lang='lat' dir='ltr'>sit</span> <span class='ocrx_word' id='word_1_368' title='bbox 959 4003 1151 4058; x_wconf 73' lang='lat' dir='ltr'>anceps</span> <span class='ocrx_word' id='word_1_369' title='bbox 1189 3990 1469 4060; x_wconf 76' lang='lat' dir='ltr'>disputatio</span> <span class='ocrx_word' id='word_1_370' title='bbox 1508 3993 1575 4047; x_wconf 91' lang='lat' dir='ltr'>de</span> <span class='ocrx_word' id='word_1_371' title='bbox 1600 3993 1843 4047; x_wconf 82' lang='lat' dir='ltr'>ltiatthaeo</span> <span class='ocrx_word' id='word_1_372' title='bbox 1882 4020 1942 4031; x_wconf 93' lang='lat'>—</span> <span class='ocrx_word' id='word_1_373' title='bbox 1982 4006 2048 4045; x_wconf 85' lang='lat' dir='ltr'>an</span> <span class='ocrx_word' id='word_1_374' title='bbox 2088 3990 2155 4043; x_wconf 85' lang='lat' dir='ltr'>ab</span> <span class='ocrx_word' id='word_1_375' title='bbox 2182 3990 2383 4058; x_wconf 88' lang='lat' dir='ltr'>origine</span> 
     </span>
     <span class='ocr_line' id='line_1_40' title="bbox 448 4069 2390 4148; baseline 0.002 -26"><span class='ocrx_word' id='word_1_376' title='bbox 448 4069 745 4139; x_wconf 73' lang='lat' dir='ltr'>heliralcus,</span> <span class='ocrx_word' id='word_1_377' title='bbox 774 4089 841 4127; x_wconf 86' lang='lat' dir='ltr'>an</span> <span class='ocrx_word' id='word_1_378' title='bbox 866 4075 1227 4142; x_wconf 82' lang='lat' dir='ltr'>graecus—de</span> <span class='ocrx_word' id='word_1_379' title='bbox 1239 4078 1517 4131; x_wconf 72' lang='lat' dir='ltr'>traditione</span> <span class='ocrx_word' id='word_1_380' title='bbox 1532 4079 1816 4148; x_wconf 84' lang='lat' dir='ltr'>apostolica</span> <span class='ocrx_word' id='word_1_381' title='bbox 1843 4094 1872 4129; x_wconf 82' lang='lat' dir='ltr'>a</span> <span class='ocrx_word' id='word_1_382' title='bbox 1898 4079 2006 4131; x_wconf 87' lang='lat' dir='ltr'>suis</span> <span class='ocrx_word' id='word_1_383' title='bbox 2026 4077 2314 4146; x_wconf 82' lang='lat' dir='ltr'>augmentis</span> <span class='ocrx_word' id='word_1_384' title='bbox 2335 4080 2390 4126; x_wconf 86' lang='lat' dir='ltr'>et</span> 
     </span>
     <span class='ocr_line' id='line_1_41' title="bbox 448 4157 2384 4231; baseline 0.002 -23"><span class='ocrx_word' id='word_1_385' title='bbox 448 4157 818 4226; x_wconf 84' lang='lat' dir='ltr'>supplementis</span> <span class='ocrx_word' id='word_1_386' title='bbox 840 4159 1206 4229; x_wconf 75' lang='lat' dir='ltr'>discernende,</span> <span class='ocrx_word' id='word_1_387' title='bbox 1236 4162 1303 4216; x_wconf 90' lang='lat' dir='ltr'>de</span> <span class='ocrx_word' id='word_1_388' title='bbox 1329 4164 1560 4218; x_wconf 75' lang='lat' dir='ltr'>tontibus</span> <span class='ocrx_word' id='word_1_389' title='bbox 1592 4162 2032 4231; x_wconf 76' lang='lat' dir='ltr'>evangelistarum</span> <span class='ocrx_word' id='word_1_390' title='bbox 2050 4161 2265 4216; x_wconf 86' lang='lat' dir='ltr'>secundi</span> <span class='ocrx_word' id='word_1_391' title='bbox 2293 4176 2384 4212; x_wconf 87' lang='lat' dir='ltr'>or-</span> 
     </span>
    </p>
   </div>
   <div class='ocr_carea' id='block_1_4' title="bbox 1935 4301 1999 4352">
    <p class='ocr_par' dir='ltr' id='par_1_7' title="bbox 1935 4301 1999 4352">
     <span class='ocr_line' id='line_1_42' title="bbox 1935 4301 1999 4352; baseline 0 -14"><span class='ocrx_word' id='word_1_392' title='bbox 1935 4301 1999 4352; x_wconf 63' lang='grc'>1-1·</span> 
     </span>
    </p>
   </div>
  </div>
 </body>
</html>
