3034 4759
1422 349 1507 424 29

424 558 869 646 impugnanda
934 561 1127 625 crisin
1193 560 1679 626 Strauszianam
1695 560 1748 645 ¹)
1817 560 2010 625 etiam
2088 580 2273 625 usam
2352 581 2501 624 esse·

430 678 721 765 epistolis
760 678 1176 765 Apostolicis.
1245 678 1477 765 Neque
1523 678 1607 744 ab
1654 700 1735 743 ea
1780 688 1921 744 erat
1964 677 2501 765 exspectandum,

425 796 589 882 fore,
632 807 705 863 ut
737 797 1109 883 negligeret
1143 797 1318 863 illam
1355 797 1931 884 argumentationis
1958 798 2263 883 speciem,
2308 818 2500 884 quam

428 916 554 981 sibi
598 916 862 981 offerret
905 917 1324 1005 epistolarum
1370 919 1690 983 silentium
1740 917 1823 983 de
1868 913 2141 1003 singulis
2189 916 2269 981 iis
2312 917 2499 980 mira-

430 1034 619 1119 culis,
678 1055 821 1121 quae
867 1015 950 1100 ab
996 1035 1419 1123 evangelistis
1463 1035 1852 1102 referantur.
1940 1036 2088 1102 Hoc
2135 1036 2310 1100 enim
2349 1056 2501 1099 con-

429 1151 828 1239 cedendum,
884 1155 951 1250 in
1007 1155 1299 1241 epistolis
1346 1156 1479 1220 suis
1541 1155 1814 1221 Paulum
1856 1153 2244 1242 Apostolum
2285 1192 2372 1203 —
2411 1154 2502 1219 de

434 1295 561 1359 quo
620 1272 759 1338 solo
818 1272 1007 1339 nobis
1064 1283 1164 1339 est
1221 1294 1435 1339 sermo
1478 1311 1564 1323 —-
1605 1273 1848 1341 nullam
1891 1275 2118 1342 eorum
2169 1274 2501 1361 expressis

427 1390 651 1457 verbis
674 1391 913 1458 -facere
957 1394 1383 1478 mentionem,
1440 1392 1723 1481 ideoque
1780 1401 2074 1460 nostrum
2132 1414 2277 1459 esse
2320 1391 2500 1458 vide-

424 1518 562 1594 tur,
608 1531 736 1598 quo
779 1510 975 1576 modo
1019 1511 1090 1576 id
1130 1512 1276 1577 fieri
1329 1514 1645 1600 potuerit,
1701 1513 1926 1598 paucis
1986 1510 2367 1597 ostendere,
2412 1534 2496 1576 ne

428 1628 974 1714 evangelistarum
1017 1625 1315 1696 relationi
1360 1631 1699 1698 adversari
1744 1632 2149 1696 existimetur
2180 1629 2367 1695 Pauli
2412 1629 2495 1694 de

430 1745 686 1812 Christo
728 1751 1184 1816 testimonium.

594 1866 671 1931 Id
713 1868 910 1952 igitur
951 1872 1227 1956 primum
1271 1870 1646 1954 videamus,
1702 1891 1858 1935 num
1900 1869 2284 1936 testimoniis
2331 1869 2496 1934 Pau-

423 1984 570 2049 linis
614 2006 772 2048 vere
817 1987 1041 2070 insint,
1109 2009 1253 2073 quae
1305 1987 1388 2051 ab
1433 1987 1704 2052 historia
1748 1988 1991 2052 Christi
2031 1987 2344 2052 miracula
2387 2009 2498 2052 ex-

427 2101 708 2186 cludant,
753 2123 837 2166 au
883 2104 1078 2167 etiam
1120 2103 1310 2168 Pauli
1352 2106 1737 2171 testimoniis
1781 2106 1852 2171 id
1892 2106 2108 2192 potius
2161 2104 2495 2189 efficiatur,

426 2220 514 2286 ad
558 2242 702 2287 eam
747 2222 1075 2307 pertinere
1120 2221 1576 2288 miraculorum
1629 2224 2061 2289 traditionem.
2150 2224 2299 2290 Utri
2357 2244 2500 2287 sen-

424 2341 643 2406 tentiae
688 2362 728 2404 a
768 2338 959 2405 nobis
1005 2342 1087 2406 sit
1130 2337 1633 2427 assentiendum,
1672 2344 1812 2430 jam
1858 2365 1947 2408 ex
1991 2363 2069 2407 eo
2114 2379 2197 2390 -
2242 2342 2298 2406 si
2341 2340 2500 2428 quid

425 2460 722 2527 videmus
778 2498 862 2510 -
915 2462 1208 2547 sequitur
1224 2511 1241 2545 ,
1310 2462 1487 2548 quod
1556 2462 2058 2528 evidentissimis
2113 2460 2497 2527 testimoniis

425 2581 626 2667 ipsius
652 2578 954 2666 Apostoli
999 2589 1188 2644 extra
1231 2600 1487 2644 omnem
1535 2579 2008 2645 dubitationem
2050 2582 2334 2666 positum
2377 2587 2498 2662 est,

425 2700 737 2765 miracula
781 2696 864 2763 ab
913 2718 990 2762 co
1035 2698 1297 2762 minime
1345 2695 1607 2763 excludi
1657 2720 1698 2762 a
1743 2700 1842 2763 sui
1889 2699 2232 2785 temporiS,
2291 2718 2332 2761 a
2372 2697 2501 2782 pri·

425 2837 648 2883 maevae
695 2817 988 2883 ecclesiae
1032 2816 1333 2882 historia:
1391 2817 1587 2902 immo
1634 2840 1769 2883 suae
1812 2818 2015 2905 ipsius
2061 2816 2346 2882 historiae
2385 2815 2508 2878 mi-·

425 2936 649 3002 racula
689 2936 995 3002 vindicat.
1083 2936 1529 3001 Provocamus
1573 2936 1696 3022 hic,
1745 2945 1819 3002 ut
1864 2936 2064 3001 dubia
2106 2935 2198 3021 (v.
2244 2958 2300 2999 c.
2347 2932 2495 2999 Gal.

425 3057 491 3140 3,
526 3056 598 3143 4)
645 3057 1036 3139 omittantur,
1084 3054 1168 3119 ad
1218 3054 1246 3117 1
1301 3050 1453 3119 C'or.
1504 3055 1602 3139 12,
1647 3055 1707 3119 9.
1758 3055 1868 3119 10:
1927 3054 2107 3142 ἄλλῳ
2150 3055 2226 3121 δε
2279 3053 2500 3132 (δίδο-

423 3178 563 3254 ται)
606 3169 967 3260 χαρίσματα
1012 3171 1305 3260 ἷαμιίτων
1348 3174 1492 3259 (cfr.
1540 3199 1604 3240 v.
1652 3172 1785 3259 30),
1831 3174 1904 3241 ἐν
1945 3179 2037 3264 τῷ
2078 3169 2249 3263 αὖτῷ
2289 3171 2492 3239 πνεύ-
2573 3208 2577 3212 -

419 3311 596 3380 ματι·
672 3294 851 3382 ἄλλῳ
915 3293 989 3359 δε
1052 3294 1449 3381 ἐνεργήματα
1514 3294 1853 3379 δυνάμεων
1905 3292 2052 3377 (cfr.
2110 3314 2174 3357 v.
2235 3290 2348 3376 28)
2413 3323 2499 3340 —-·

423 3411 647 3497 verba,
695 3433 839 3499 quae
883 3411 1073 3476 nobis
1119 3406 1496 3480 describunt
1533 3411 1827 3478 ecclesiae
1863 3410 2305 3475 conditionem
2347 3430 2498 3474 con-

425 3540 737 3615 gruenter
779 3533 876 3614 iis,
925 3553 1069 3618 quse
1115 3529 1416 3616 leguntur
1460 3530 1621 3595 Ebr.
1654 3531 1714 3614 2,
1751 3531 1827 3594 4:
1873 3534 2498 3616 συνεπιμαρτυροῦν-

423 3673 528 3728 τος
571 3655 682 3719 τοῦ
725 3657 891 3722 θεοῦ
933 3657 1210 3739 σημείοις
1254 3675 1318 3718 τε
1362 3656 1470 3716 καὶ
1513 3656 1731 3735 τέρασι
1775 3655 1885 3716 καὶ
1925 3653 2253 3727 ποικίλαις
2273 3646 2498 3715 ’δυνά-

471 3968 520 4033 1)
563 3967 670 4024 Csr.
713 3967 845 4020 Chr.
890 3971 946 4024 Η.
990 3972 1277 4037 Weisze,
1322 3972 1375 4027 d.
1407 3971 1848 4039 geschichtlichen
1877 3972 2365 4037 Vei-aussetzungen
2406 3970 2499 4021 der

556 4054 949 4107 Strauszischen
997 4054 1422 4110 Glaubenslehre.
1509 4055 1773 4124 lllgen's
1814 4056 2113 4140 zeitschrift
2145 4056 2187 4142 i.
2211 4056 2274 4143 ⁸d.
2316 4055 2494 4106 histor.

557 4138 858 4208 Theologie.
917 4141 1067 4198 1842.
1141 4139 1210 4194 3t.
1238 4140 1298 4195 fl.
1339 4157 1385 4209 p.
1422 4139 1537 4193 138.
2013 4167 2018 4172 ·
