3034 4759
1598 308 1682 374 24

606 520 728 584 hac
785 520 853 582 in
907 540 976 582 re
1039 516 1200 581 certi
1259 511 1503 601 aliquid
1559 500 1867 578 statuere.
1978 512 2325 580 Incidimus
2383 515 2554 580 enim
2611 518 2681 580 in

612 639 1017 726 quaestiones,
1067 634 1148 699 de
1184 634 1417 721 quibus
1450 633 1518 696 in
1553 640 1894 719 utramque
1931 641 2185 717 partem
2223 632 2537 719 disputari
2569 656 2683 721 po-

608 767 773 837 test,
834 756 915 820 de
957 749 1212 820 Jacobo
1255 750 1513 837 Alphaei
1574 759 1640 816 et
1684 750 1767 814 de
1809 748 2098 835 Jacobo,
2153 750 2352 817 fratre
2397 752 2685 837 Domini,

612 879 695 942 de
738 872 1044 941 fratribus
1085 870 1354 935 Domini
1415 870 1483 933 in
1539 870 1913 934 universum
1984 877 2050 934 et
2114 869 2198 934 de
2255 891 2481 935 eorum
2536 893 2686 937 cum

610 996 894 1062 Domino
930 1012 1126 1056 nexu.
1213 988 1524 1054 Nostrum
1560 1010 1692 1053 non
1729 988 1868 1072 erit,
1912 990 1981 1054 in
2020 1010 2243 1053 omnes
2275 988 2466 1076 hujus
2512 1011 2686 1077 quse-

611 1114 837 1179 stionis
862 1109 1272 1175 difficultates
1297 1108 1733 1174 descendere:
1781 1117 2066 1174 attamen
2086 1129 2206 1194 pro
2228 1129 2410 1174 more
2436 1118 2683 1194 nostro,

611 1231 929 1319 neglectis
975 1228 1272 1294 omnibus
1307 1230 1699 1315 conjecturis
1745 1227 2087 1314 superfluis
2133 1248 2486 1315 earumque
2532 1251 2687 1294 exa-

610 1352 814 1434 mine,
879 1347 1170 1414 breviter
1215 1369 1639 1435 exponemus,
1698 1368 1842 1435 quse
1900 1347 2024 1413 hoc
2067 1347 2213 1414 loco
2259 1348 2573 1437 imprimis
2615 1349 2686 1416 in

613 1491 880 1536 censum
923 1470 1147 1534 venire
1193 1468 1555 1533 videantur.

780 1578 972 1658 Patet
1026 1610 1112 1653 ex
1171 1587 1314 1654 Gal.
1365 1589 1434 1669 1,
1497 1587 1605 1670 19,
1661 1586 2014 1670 Jacobum,
2080 1586 2192 1655 τὸν
2235 1584 2531 1673 ἀδελφὸν
2574 1593 2691 1656 cmi

615 1713 842 1794 κυρίου,
888 1731 927 1771 a
969 1705 1175 1771 Paulo
1223 1685 1734 1771 commemorari.
1828 1705 2221 1791 Comparato
2266 1708 2300 1770 1
2345 1704 2497 1771 Cor.
2530 1704 2591 1788 9,
2626 1704 2691 1789 5,

614 1828 918 1910 efficitur,
981 1835 1053 1890 ut
1106 1832 1346 1911 praeter
1395 1822 1576 1888 illum
1619 1823 1939 1889 Jacobum
1997 1825 2189 1889 etiam
2246 1824 2355 1889 alii
2417 1823 2693 1910 α’δελφοὶ

613 1954 722 2017 τοῦ
755 1952 966 2031 κυρίου
997 1943 1134 2031 (vel
1171 1943 1399 2009 saltem
1434 1943 1599 2008 alter
1640 1944 1893 2030 eorum)
1930 1944 2173 2029 cogniti
2204 1943 2443 2009 fuerint
2463 1942 2690 2027 Paulo,

613 2066 812 2154 idque
856 2066 976 2149 ita,
1041 2073 1113 2129 ut
1157 2083 1381 2127 eorum
1426 2063 1829 2151 exemplum,
1895 2084 2119 2128 eorum
2163 2063 2515 2129 auctoritas
2557 2084 2691 2127 non
2732 2130 2743 2138 β

612 2185 799 2272 parvi
845 2184 1325 2249 existimaretur
1367 2184 1434 2247 in
1479 2182 1759 2249 ccclesia
1803 2183 2169 2248 christiana.
2258 2183 2368 2247 Ex
2407 2203 2693 2268 evange-

613 2289 1213 2388 liis'cognoscimus
1260 2311 1535 2389 quatuor
1569 2303 1836 2367 Domini
1884 2302 2140 2385 fratres,
2182 2303 2351 2368 inter
2396 2323 2559 2389 quos
2581 2302 2693 2367 Ja-

615 2428 817 2487 cobus
863 2420 1118 2507 (Matth.
1160 2422 1258 2504 13,
1301 2421 1405 2485 55.
1447 2420 1613 2488 Mrc.
1650 2421 1709 2503 6,
1744 2421 1848 2506 3):
1896 2422 2134 2486 scimus
2178 2443 2264 2487 ex
2286 2421 2479 2499 ,Actis
2512 2421 2690 2506 Apo-

619 2540 933 2607 stolorum
988 2540 1091 2625 (1,
1140 2539 1281 2626 14),
1340 2560 1453 2604 eos
1507 2517 1641 2605 una
1693 2562 1839 2606 cum
1882 2540 2092 2605 Maria
2136 2538 2434 2605 addictos
2489 2540 2692 2605 fuisse
2769 2551 2773 2556 '

616 2661 942 2747 primaevae
989 2657 1303 2723 ecclesiae.

785 2778 1033 2841 Verum
1078 2799 1163 2841 ex
1208 2776 1352 2842 loeo
1401 2780 1594 2843 citato
1642 2777 1817 2864 (Gal.
1868 2782 1922 2862 1,
1972 2779 2079 2864 19)
2117 2768 2454 2865 ‘plerisque
2501 2779 2691 2866 sequi

617 2894 893 2979 videtur,
949 2894 1298 2979 Jacobum,
1341 2896 1609 2961 Domini
1668 2896 1967 2980 fratrem,
2021 2896 2411 2983 Apostolum
2466 2896 2688 2961 fuisse.

519 3011 527 3020 ’
616 3015 727 3080 Ex
772 3035 899 3101 quo
938 3015 1139 3079 oritur
1173 3016 1550 3101 conjectura
1587 3014 1669 3078 de
1706 3016 1846 3101 ejus
1882 3014 2217 3081 identitate
2260 3037 2409 3080 cum
2434 3014 2687 3084 Jacobo

616 3132 873 3219 Alphaei
893 3182 910 3216 ,
958 3142 1024 3197 et
1069 3134 1181 3220 qui
1226 3154 1370 3197 eam
1414 3133 1912 3217 amplectuntur,
1959 3154 2183 3197 eorum
2219 3132 2511 3198 nonnulli
2543 3154 2692 3198 con-

607 3252 932 3337 jecturam
976 3251 1353 3336 conjectura
1375 3249 1765 3335 suffulciunt,
1813 3273 2008 3337 quum
2032 3253 2227 3317 etiam
2256 3252 2514 3337 Judam,
2557 3252 2692 3317 Do-

618 3369 772 3433 mini
813 3370 1113 3453 fratrem,
1178 3369 1511 3457 Apostolis
1571 3370 1947 3436 adscribant
1990 3371 2188 3458 idque
2234 3392 2315 3436 eo
2359 3369 2691 3455 indigitari

620 3489 1010 3574 existiment,
1054 3488 1230 3576 quod
1274 3488 1376 3553 hic
1422 3490 1649 3575 Judas,
1693 3498 1860 3555 teste
1904 3489 2058 3555 Jud.
2098 3489 2153 3574 1,
2190 3493 2245 3575 1,
2291 3490 2537 3577 seipse
2575 3511 2687 3555 no-

618 3609 821 3673 minet
874 3606 1167 3694 οἷδελφόν
1214 3607 1511 3695 Ἰακώβου
1570 3617 1635 3673 et
1688 3608 1811 3673 hoc
1874 3629 2070 3673 sensu
2125 3630 2165 3673 a
2218 3608 2402 3674 Luca
2456 3607 2691 3696 simpli-

619 3728 782 3792 citer
822 3734 1244 3792 recenseatur
1300 3736 1372 3793 ut
1407 3726 1647 3806 Ἰοιΐδας
1684 3727 1977 3812 Ἰακώβου
2031 3727 2218 3813 (Luc.
2264 3728 2339 3812 6,
2387 3729 2486 3793 16.
2542 3728 2689 3792 Act.

625 3849 692 3930 1,
739 3848 836 3911 13.
885 3845 1027 3911 coll.
1074 3844 1233 3910 Mth.
1283 3846 1379 3929 13,
1424 3845 1529 3911 55.
1596 3845 1757 3912 Mrc.
1796 3847 1854 3930 6,
1886 3846 1977 3930 3).
2070 3845 2181 3911 Sic
2218 3866 2478 3933 quoque
2511 3847 2575 3912 J.
2612 3846 2689 3911 P.

619 3951 894 4049 Lange
941 3964 1032 4050 (d.
1080 3964 1310 4029 Leben
1353 3965 1551 4048 JesU,
1600 3967 1687 4030 2t.
1733 3964 1856 4029 Bd.
1902 3988 1967 4051 p.
2017 3965 2166 4050 152)
2213 3986 2299 4029 ex
2347 3966 2378 4027 1
2417 3965 2585 4058 Cor.
2630 3965 2690 4047 9,

620 4083 663 4146 ἴ)
707 4084 984 4174 conjicit,
1029 4085 1263 4151 fratres
1285 4084 1570 4167 Domini,
1615 4105 1746 4147 non
1788 4104 1987 4152 unum
2022 4083 2249 4167 solum,
2295 4082 2414 4150 sed
2459 4083 2691 4151 saltem
