3034 4759
1413 345 1495 409 27

416 548 608 611 etiam
665 547 1046 615 traditiones
1100 547 1494 634 apocryphae
1554 548 1636 611 de
1705 547 1964 612 nomine
2031 546 2199 612 illius
2265 547 2488 612 uxoris

416 667 689 752 ejusque
756 664 1062 749 filiarum,
1127 666 1393 730 Domini
1452 687 1750 731 sororum
1807 664 2003 750 (Ood.
2050 687 2271 752 apocr.
2315 666 2485 730 Nov.

416 783 598 849 Test.
658 782 761 847 ed.
810 784 1077 849 Thilo.
1155 784 1377 850 histor.
1431 785 1709 872 Josephi
1762 806 1907 871 cap.
1953 786 2018 850 2.
2083 784 2200 850 cfr.
2250 784 2489 849 Cote-

414 900 696 987 lerius,
762 903 936 967 Patr.
1004 902 1301 991 Apostol.
1372 925 1524 991 opp.
1589 904 1740 969 Not.
1807 903 1894 968 ad
1963 902 2188 969 Const.
2255 902 2487 988 Apost.

410 1001 472 1103 3,
516 1021 575 1085 6.
625 1020 728 1085 ed.
776 1021 1115 1094 Clerici.
1170 1022 1488 1109 Antverpz
1541 1022 1724 1088 1700.
1770 1045 1835 1107 p.
1872 1022 2017 1087 277.
2064 1021 2262 1110 sqq.).
2317 1022 2491 1088 Prae-

410 1138 686 1204 ferenda
748 1139 939 1206 nobis
1001 1141 1263 1206 videtur
1326 1141 1489 1232 haec‘
1536 1140 1916 1227 hypothesis
1984 1140 2196 1205 dubiis
2263 1161 2487 1205 eorum

410 1259 1081 1346 interpretationibus,
1150 1261 1260 1347 qni
1306 1269 1415 1326 aut
1481 1280 1570 1324 ex
1612 1259 1836 1325 Mariae
1895 1279 2121 1324 sorore
2136 1259 2188 1345 ¹)
2245 1267 2357 1323 aut
2400 1280 2487 1322 ex

408 1379 609 1443 fratre
654 1378 927 1465 Josephi
936 1379 991 1465 9)
1038 1379 1366 1468 affinitatis
1402 1400 1647 1444 nexum
1686 1379 2016 1444 deducere
2052 1376 2331 1461 student,
2376 1385 2488 1442 aut

410 1498 612 1584 ipsius
657 1498 881 1562 Mariae
925 1498 1114 1583 filios,
1158 1509 1309 1586 post
1346 1499 1577 1564 Jesum
1612 1498 1904 1585 Josepho
1948 1506 2158 1577 natos,
2204 1517 2488 1581 evange-

410 1614 702 1681 listarum
745 1616 968 1683 verbis
1016 1619 1356 1705 (imprimis
1401 1617 1631 1684 Matth.
1672 1621 1745 1702 1,·
1764 1617 1876 1704 25)
1922 1615 2111 1682 nobis
2155 1614 2488 1700 indigitari

413 1737 914 1802 existimant—
960 1737 1197 1824 opinio,
1243 1759 1388 1824 quse
1434 1735 1732 1802 ecclesiae
1773 1736 2003 1823 pietati
2043 1735 2160 1800 vix
2205 1755 2275 1798 se
2316 1755 2484 1798 com-

408 1853 772 1939 mendabit,
837 1855 991 1922 licet
1044 1856 1424 1921 Neandrum
1496 1856 1591 1942 (d.
1636 1855 1868 1928 Leben
1920 1855 2083 1921 Jesu
2129 1853 2372 1919 Christi
2414 1875 2479 1940 p.

407 1955 520 2058 33)
563 1983 757 2038 nacta
807 1974 889 2038 sit
932 1973 1365 2039 defensorem.

579 2091 820 2156 Nostra
861 2091 1207 2178 hypothesi
1263 2092 1550 2159 admissa
1565 2142 1583 2178 ,
1636 2090 1826 2157 facile
1883 2090 2279 2178 explicatur,
2352 2111 2478 2176 quo

407 2208 603 2274 modo
649 2211 889 2275 factum
935 2213 1034 2296 sit,
1079 2221 1151 2277 ut
1191 2213 1463 2279 fratrum
1511 2232 1752 2277 nomen
1798 2211 2182 2304 sortirentur
2224 2209 2337 2274 filii
2373 2210 2483 2275 Jo-

409 2328 611 2415 sephi,
657 2328 854 2416 idque
890 2332 1267 2417 retinerent,
1313 2331 1630 2399 fratribus
1658 2331 1925 2398 Domini
1959 2330 2092 2397 fide
2129 2351 2249 2395 sua
2282 2353 2480 2399 mmu-

404 2453 681 2532 ματικῶς
724 2458 957 2535 postea
1001 2449 1330 2538 adscripti.

573 2570 825 2633 Praeter
870 2567 1222 2655 discipulos
1268 2571 1509 2637 Christi
1554 2572 1686 2657 jam
1730 2570 2094 2635 nominatos
2130 2570 2481 2637 admodum

402 2686 673 2753 dubium
719 2694 842 2773 est,
884 2710 1038 2753 num
1082 2688 1209 2768 alii,
1254 2711 1388 2754 non
1432 2688 1697 2777 quidem
1740 2688 2072 2775 Apostoli,
2130 2686 2250 2752 sed
2294 2687 2483 2752 disci-

406 2806 540 2891 puli
585 2827 782 2871 sensu
824 2805 1054 2873 latiore
1101 2808 1257 2892 (τῶν
1298 2809 1741 2896 ἐβδομήκοντα
1776 2808 1935 2874 Luc.
1964 2809 2062 2893 10,
2095 2806 2182 2893 l.)
2219 2806 2477 2871 obviam

404 2924 594 2989 nobis
637 2926 798 2992 fiant
839 2927 907 2992 in
954 2926 1247 3013 epistolis
1291 2927 1601 2993 Paulinis.
1691 2927 1925 3011 Multa,
1969 2935 2042 2992 ut
2084 2934 2368 3008 constat,
2411 2925 2478 2988 in

402 3044 481 3108 iis
548 3046 961 3130 reperiuntur
1024 3048 1288 3111 nomina
1367 3046 1746 3129 christiana,
1830 3065 2103 3131 quorum
2170 3041 2479 3108 nonnulla

405 3161 843 3256 (Barnabaez
872 3163 1015 3230 Gal.
1061 3165 1135 3248 2,
1206 3167 1237 3232 l
1298 3188 1441 3254 sqq.
1502 3165 1648 3232 coll.
1705 3165 1854 3232 Act.
1910 3165 1983 3249 4,
2048 3163 2132 3229 36
2186 3161 2299 3248 al.)
2352 3160 2477 3227 illis

446 3536 500 3605 ι)
540 3538 902 3606 cfr.Joh.19,
930 3525 1012 3592 2²5.
1044 3539 1165 3593 con.
1220 3539 1396 3593 matth.
1424 3540 1525 3607 2¹7,
1556 3542 1641 3596 56.
1703 3542 1828 3594 nire.
1856 3539 1950 3606 15,
1984 3540 2068 3593 40.
2123 3536 2242 3590 uun.
2274 3536 2367 3601 13,
2395 3536 2481 3588 55.

540 3624 663 3677 Mrc.
692 3624 743 3689 6,
773 3624 822 3676 3.
875 3625 1229 3679 Dissentiente
1256 3626 1500 3680 Wieuel
1528 3642 1621 3692 er,
1652 3626 1829 3679 Theoi.
1860 3625 2005 3679 Stud.
2037 3642 2085 3677 n.
2119 3623 2295 3676 Kritik.
2331 3621 2478 3675 1840.

538 3708 569 3759 3
598 3709 659 3760 Η.
704 3725 750 3776 p.
781 3709 898 3761 648.

444 3790 501 3859 2)
541 3794 636 3845 cfr.
667 3793 919 3860 Lange,
964 3795 1013 3847 d.
1040 3795 1216 3848 Leben
1249 3797 1389 3865 Jesu.
1435 3797 1505 3849 2t.
1534 3795 1627 3849 Bd.
1665 3813 1714 3864 p.
1744 3796 1841 3848 139
1867 3796 1919 3847 ff.
1977 3794 2134 3861 Cujus
2174 3793 2477 3860 conjectura

541 3878 606 3929 de
635 3876 882 3945 cleopha,
911 3879 1072 3931 franc
1098 3880 1328 3951 Josephi,
1355 3889 1504 3950 patre
1543 3881 1652 3935 ταῖν
1685 3882 1943 3952 ἀδελφῶν
1981 3881 2073 3934 τοῦ
2107 3884 2324 3953 κυρίου,
2372 3896 2475 3933 non

538 3966 679 4016 omni
749 3963 1040 4017 traditionis
1109 3968 1351 4033 presidio
1421 3967 1672 4020 destituta
1740 3976 1845 4020 est:
1916 3966 2039 4019 vide
2100 3965 2291 4020 Euseb.
2354 3966 2473 4017 hist.

541 4050 672 4104 eccl.
721 4049 783 4114 3,
840 4049 918 4101 11.
970 4053 1029 4115 4,
1084 4051 1165 4103 22.
1250 4052 1627 4124 Theophylact.
1681 4052 1748 4105 ad
1802 4051 1912 4108 Gal.
1969 4052 2027 4120 1,
2084 4052 2163 4108 19.
2219 4049 2476 4122 ¹(loustitt.

538 4134 717 4208 Apost.
749 4135 800 4204 ⁷,
826 4135 912 4193 46.
