3034 4759
1575 313 1661 384 28

494 581 507 587 „
582 515 877 582 ecclesiae
934 513 1295 581 christianae
1352 516 1645 603 primitiis
1700 537 1833 580 non
1894 516 2032 581 sine
2089 516 2382 598 veritatis
2427 520 2649 605 specie

580 633 869 700 adscribi
908 654 1105 721 posse
1151 632 1474 700 videntur.
1534 634 1781 701 Verum
1817 635 1982 721 ‚ipsis
2028 634 2445 721 epistolarum
2488 636 2652 702 locis
2759 683 2770 690 ι

580 752 738 817 nihil
778 753 979 836 inest,
1048 750 1225 839 quod
1267 751 1381 817 ulli
1424 774 1683 839 eorum,
1735 771 1901 840 quos
1944 751 2300 840 Apostolus
2343 755 2653 841 nominat,

580 873 748 938 hanc
781 871 1177 959 singularem
1218 872 1602 958 dignitatem
1640 870 2129 940 concedendam
2174 893 2319 937 esse
2355 873 2649 940 suadeat.

581 993 794 1073 Quam
848 991 932 1058 ob
986 1013 1125 1056 rem
1186 990 1447 1056 difficile
1503 1003 1606 1058 est
1661 990 1913 1075 dicere,
1980 999 2298 1079 quatenus
2351 990 2520 1056 fides
2567 992 2652 1058 sit

578 1111 884 1177 habenda
923 1111 1002 1176 iis
1046 1108 1504 1176 traditionibus
1551 1109 1826 1192 (Euseb.
1872 1110 2016 1178 hist.
2065 1110 2223 1176 eccl.
2273 1112 2328 1194 1,
2367 1111 2467 1175 12.
2511 1109 2648 1197 aL),

580 1254 725 1317 quae
768 1231 836 1294 in
880 1227 1171 1317 epistolis
1215 1227 1503 1294 Paulinis
1551 1230 1694 1315 ejus
1737 1228 1916 1296 modi
1956 1229 2120 1298 Jesu
2162 1228 2513 1316 discipulos
2555 1231 2648 1297 in-

580 1350 859 1435 digitent
873 1399 889 1434 ,
933 1349 1292 1436 praesertim
1341 1370 1538 1435 quum
1584 1369 1806 1416 earum
1858 1347 2182 1416 nonnullae
2227 1348 2356 1415 sint
2396 1349 2645 1436 absque

580 1457 777 1525 dubio
821 1460 1025 1533 falsae.
1115 1467 1318 1555 Cujus
1367 1467 1632 1553 generis
1693 1475 1793 1532 est
1836 1476 2268 1534 commentum
2324 1466 2406 1534 de
2450 1474 2647 1556 Κηφᾷ·

577 1578 913 1669 discipulo,
957 1607 1090 1652 non
1131 1585 1448 1675 Apostolo
1495 1586 1757 1653 Christi.

747 1703 823 1766 In
880 1707 1169 1771 oratione
1225 1705 1443 1789 Pauli,
1516 1728 1662 1792 quae
1716 1727 1859 1791 cap.
1909 1706 1988 1770 13
2030 1704 2178 1770 Act.
2223 1705 2395 1791 App.
2452 1704 2643 1772 nobis

571 1820 811 1886 tradita
863 1831 991 1906 est,
1044 1821 1366 1910 Apostoli·
1401 1860 1483 1874 -
1531 1824 1671 1888 sive
1728 1822 2028 1910 discipuli
2067 1823 2232 1892 Jesu
2275 1824 2641 1890 in-uuiver-

572 1963 710 2005 sum
756 1976 844 1990 --
884 1965 948 2007 v.
1004 1943 1083 2007 31
1135 1940 1590 2009 describuntur
1647 1952 1718 2012 ut
1760 1945 2240 2029 συνανάβαντες
2293 1942 2465 2034 adv&
2505 1943 2639 2012 ἀπὸ

570 2062 683 2150 τῆς
711 2065 1066 2143 Γαλιλαίας
1108 2065 1198 2141 εἰς
1229 2061 1656 2151 Ἰερουσαλῄιι,
1703 2061 1936 2150 quibus
1981 2063 2203 2130 verbis
2236 2061 2639 2130 brevissimis

568 2182 803 2247 itinera
833 2182 1117 2266 Domini,
1163 2182 1434 2268 ejusque
1481 2189 1548 2246 et
1591 2180 2051 2267 discipulorum
2095 2182 2236 2269 ejus
2277 2203 2423 2248 cum
2464 2181 2638 2249 Gali-

569 2299 693 2366 laea
733 2322 944 2366 nexus
989 2297 1332 2385 singularis
1380 2300 1593 2366 obiter
1637 2298 2037 2386 indigitatur.

735 2419 993 2485 Eodem
1047 2417 1191 2483 loco
1235 2419 1456 2484 insunt
1499 2440 1790 2507 quoque,
1847 2440 1991 2505 quse
2025 2419 2217 2487 Pauli
2259 2421 2630 2512 testimonio

570 2562 653 2605 ea
694 2537 1139 2626 comprobant,
1183 2536 1267 2602 de
1315 2537 1549 2623 quibus
1586 2539 1656 2604 in
1675 2539 1871 2604 initiis
1908 2538 2397 2625 evangeliorum
2420 2562 2635 2606 sermo

567 2668 688 2743 est,
730 2659 773 2723 J
775 2658 1004 2723 oannis
1037 2658 1337 2722 nimirum
1359 2656 1673 2744 Baptistae
1716 2680 1947 2724 munus
1982 2668 2180 2745 atque
2217 2660 2634 2746 praeconium.

564 2771 869 2843 Refertur
911 2776 1002 2841 ibi
1060 2776 1151 2860 (v.
1207 2774 1320 2860 24)
1377 2775 1463 2839 ad
1518 2776 1562 2840 J
1566 2797 1844 2842 oannem
1894 2781 2228 2864 βάπτισμα
2279 2786 2628 2863 μετανοίας

567 2895 742 2983 (coll.
786 2894 934 2960 Act.
985 2892 1094 2977 19,
1137 2891 1199 2958 4.
1280 2892 1441 2958 Luc.
1487 2894 1563 2977 3,
1605 2894 1667 2960 3.
1740 2895 1902 2963 Mrc.
1954 2897 2018 2980 1,
2075 2897 2146 2982 4)
2193 2906 2261 2962 et
2303 2895 2491 2962 simul
2533 2919 2634 2962 re-

567 3014 834 3101 spicitur
877 3012 961 3077 ad
1007 3012 1500 3079 celeberrimam
1546 3014 1686 3100 ejus
1733 3013 1815 3080 de
1854 3015 2114 3081 Christo
2157 3015 2634 3102 professionem

563 3133 786 3199 verbis
832 3133 1166 3199 commatis
1221 3132 1406 3200 25m·:
1473 3132 1559 3212 ὥς
1614 3135 1686 3202 δὲ
1740 3135 2015 3223 ἐπλήρου
2078 3132 2119 3202 ὅ
2176 3133 2466 3220 Ἰωάννης
2520 3135 2634 3203 τὸν

566 3253 825 3337 δρόμον,
871 3254 1068 3335 ἔλεγε·
1095 3258 1237 3323 τίνα
1257 3278 1340 3339 με
1365 3251 1697 3321 &novusne
1724 3255 1925 3336 εἷναις
1981 3251 2090 3323 οὔκ
2134 3256 2261 3339 εἶμι
2307 3253 2448 3338 ἐγώ,
2493 3254 2637 3322 ἀλλ’

564 3368 738 3449 ἴδοι),
808 3372 1054 3457 ἔρχεται
1105 3370 1239 3458 μετ’
1280 3371 1427 3458 ἐμὲ,
1494 3367 1573 3441 οὗ
1628 3369 1738 3441 οὔκ
1792 3375 1918 3458 εἰμὶ
1971 3375 2150 3455 ἄξιος
2205 3373 2275 3441 τὸ
2329 3372 2631 3461 ὖπόδημα

548 3495 688 3560 τῶν
728 3491 950 3558 ποδῶν
992 3494 1179 3560 λῦσαι
1220 3528 1308 3539 ——
1352 3489 1738 3578 quibuscum
1786 3490 2186 3558 conferenda
2226 3491 2373 3559 Act.
2425 3493 2523 3575 19,
2565 3492 2628 3556 4.

560 3610 722 3674 Mrc.
771 3609 829 3694 l,
875 3607 933 3673 7.
1022 3609 1181 3675 Luc.
1225 3610 1287 3693 3,
1340 3610 1437 3675 16.
1527 3608 1673 3674 Joh.
1725 3610 1780 3694 1,
1823 3609 1927 3674 20.
1971 3609 2075 3674 27.

1500 3815 1541 3893 g
1591 3810 1689 3876 14.

692 3963 927 4048 ‚Quod
971 3964 1201 4031 attinet
1254 3963 1340 4029 ad
1393 3962 1706 4030 miracula
1750 3962 2021 4050 Christi,
2078 3973 2360 4049 constat,
2420 3964 2506 4029 ad
2550 3985 2630 4030 ea
