3034 4759
1618 374 1699 442 18

623 601 700 644 eo
747 598 1005 666 quoque
1066 577 1256 644 nobis
1318 575 1634 642 describit
1674 575 2059 662 Apostolus,
2118 575 2299 662 quod
2322 597 2489 640 -eum
2539 573 2697 640 dicit

620 697 890 762 coelitus
938 695 1357 762 descendisse
1416 695 1681 780 (κατέβη
1721 677 1891 780 Eph.
1940 695 2002 778 4,
2052 694 2114 759 9.
2166 695 2262 759 10.
2310 693 2456 759 coll.
2501 694 2691 758 Rom.

623 817 719 901 10,
755 817 857 902 6),
900 839 943 882 a
984 817 1133 880 Deo
1178 823 1366 901 patre
1411 815 1678 878 missum
1715 811 1889 900 (Gal.
1929 814 1990 898 4,
2023 814 2126 900 4),
2170 814 2278 880 vel
2314 813 2529 899 potius
2573 833 2694 876 sua

619 936 967 1000 existentia
1023 935 1094 1002 ἐν
1145 939 1367 1028 μορφῇ
1419 938 1591 1001 θεοῦ
1643 954 1714 997 se
1761 942 1992 1019 sponte
2036 932 2417 1017 abdicasse,
2493 954 2694 1018 quum

617 1053 945 1118 hominum
1013 1074 1245 1117 caussa
1312 1054 1378 1115 in
1443 1061 1686 1117 terram
1753 1053 2036 1136 venerit,
2131 1050 2392 1138 μορφὴν
2459 1051 2694 1119 δούλου

615 1176 839 1259 λοβῶν
884 1172 1074 1259 (Phil.
1119 1174 1180 1256 2,
1237 1173 1280 1238 6
1324 1191 1466 1258 sqq.
1516 1170 1663 1236 coll,
1713 1169 1854 1236 Col.
1911 1171 1965 1254 1,
2015 1170 2096 1235 15
2138 1192 2283 1257 sqq.
2333 1174 2366 1236 1
2414 1169 2579 1234 Tim.
2626 1170 2690 1251 3,

618 1291 749 1376 16.)
837 1290 996 1355 Ideo
1045 1291 1340 1356 Christus
1397 1298 1498 1355 est
1551 1289 1873 1375 Apostolo
1932 1287 1971 1356 ci
2025 1292 2237 1374 κύριος
2287 1289 2360 1369 ἐξ
2410 1288 2692 1373 ου’ρανοῦ

616 1410 683 1495 (1
733 1410 884 1474 Cor.
936 1410 1033 1493 15,
1076 1409 1225 1494 47),
1287 1409 1538 1493 origine
1585 1429 1706 1473 sua
1745 1429 1903 1472 vere
1964 1408 2375 1492 ἐπουράνιος,
2439 1429 2572 1472 non
2617 1408 2689 1474 §a

611 1533 723 1614 γῆς
760 1522 975 1613 χοῗκός
1018 1528 1084 1613 (1
1134 1527 1286 1593 Cor.
1336 1526 1434 1609 15,
1477 1525 1582 1590 48.
1627 1525 1763 1610 47.)
1844 1526 1956 1591 Sic
1981 1525 2311 1592 Christum
2356 1535 2684 1592 exemtum

611 1646 812 1711 fuisse
859 1670 900 1711 a
941 1647 1198 1732 vulgari
1251 1645 1580 1710 hominum
1638 1645 2008 1728 nativitate,
2081 1646 2149 1708 in
2193 1666 2273 1710 eo
2318 1667 2528 1730 genus
2571 1645 2685 1710 hu-

611 1785 872 1830 manum
913 1785 1047 1828 non
1092 1765 1276 1848 juxta
1318 1772 1614 1826 naturam
1660 1773 2094 1849 propagatum
2151 1764 2463 1830 indicavit
2509 1766 2686 1851 Apo-

613 1882 847 1965 stolus,
930 1905 1126 1969 quum
1186 1857 1514 1946 Christum
1572 1880 1999 1967 appellaverit
2052 1881 2162 1951 τὸν
2224 1885 2519 1969 δεύτερον
2571 1886 2685 1955 ἄν·

610 2008 885 2087 θρωπον
930 2001 996 2085 (1
1045 2000 1200 2065 Cor.
1250 2000 1361 2084 15,
1404 1999 1509 2064 47.
1570 1998 1718 2063 coll.
1765 2022 1827 2064 v.
1872 1998 1977 2064 45.
2021 2000 2207 2066 Rom.
2252 2001 2316 2086 5,
2363 2002 2503 2087 14),
2569 2002 2683 2067 hu·

610 2122 785 2186 mani
827 2121 1090 2205 generis
1135 2119 1221 2183 ad
1267 2118 1506 2183 Adami
1549 2120 1753 2184 instar
1794 2138 2033 2184 novam
2079 2121 2396 2204 originem
2414 2121 2489 2206 1).
2546 2122 2681 2187 Ex-

613 2240 786 2325 cepit
839 2237 1005 2304 hanc
1060 2235 1276 2302 ideam
1331 2236 1672 2301 Paulinam
1729 2237 1922 2301 etiam
1977 2245 2204 2301 auctor
2248 2237 2536 2324 epistolae
2593 2238 2683 2304 ad

608 2355 915 2440 Ebraeos,
982 2358 1173 2442 eique
1232 2356 1673 2442 superstruxit
1719 2353 1959 2419 Christi
2004 2376 2152 2420 cum
2192 2355 2677 2422 Melchisedeco

610 2476 1157 2560 comparationem
1180 2522 1197 2556 ,
1244 2474 1487 2559 quiex
1531 2473 2072 2559 interpretatione
2116 2473 2475 2559 allegorica
2517 2477 2682 2540 sisti-

604 2601 711 2657 tur
755 2592 1044 2677 οῗποίτωρ,
1089 2592 1363 2680 ἀμήτωρ,
1411 2592 1942 2678 ἄνενεαλόγητος,
1986 2595 2142 2681 μήτε
2186 2592 2388 2683 α’ρχῆν
2421 2592 2679 2681 ἡμερῶν

602 2716 758 2799 μήτε
802 2716 957 2798 ζωῆς
995 2697 1179 2790 ’τέλος
1221 2713 1400 2798 ἔχων,
1448 2710 1948 2797 ἀφωμοιωμένος
1976 2713 2049 2777 δέ
2082 2718 2174 2802 τῷ
2208 2711 2328 2801 1*ἳῷ
2364 2718 2476 2779 τοῦ
2509 2718 2680 2781 θεοῦ

606 2829 794 2916 (Ebr.
822 2829 878 2913 7,
903 2830 992 2916 3).
1069 2829 1263 2910 Quod
1309 2831 1546 2918 eodem
1587 2830 1727 2894 fere
1774 2838 2087 2915 contextu
2129 2830 2196 2893 in
2238 2828 2350 2894 illa
2395 2830 2669 2917 epistola

598 2947 911 3032 legimus,
974 2947 1135 3013 illud
1190 2947 1356 3015 κατὰ
1400 2950 1679 3035 δύναμιν
1732 2953 1892 3036 ζωῆς
1934 2946 2337 3017 ἀκαταλύτου
2379 2949 2479 3035 (7,
2530 2950 2674 3034 16),

601 3087 689 3131 ex
729 3075 945 3131 mente
993 3069 1290 3150 auctoris,
1356 3087 1572 3156 neque
1617 3068 1827 3132 minus
1874 3089 1959 3132 ex
2002 3077 2220 3133 mente
2264 3066 2451 3132 Pauli
2494 3068 2668 3155 Apo-

600 3183 766 3267 stoli,
813 3186 1005 3249 etiam
1044 3184 1125 3249 de
1163 3186 1498 3251 nativitate
1528 3185 1767 3249 Christi
1791 3185 2032 3250 dictum
2057 3207 2223 3270 esse,
2258 3187 2409 3274 jure
2445 3196 2667 3252 nostro

604 3303 959 3366 statuimus.

769 3421 1020 3502 Quibus
1065 3422 1133 3487 in
1191 3446 1388 3488 unum
1456 3421 1971 3509 comprehensis,
2043 3423 2230 3489 Pauli
2284 3425 2665 3489 auctoritate

594 3542 661 3604 in
704 3539 834 3605 fide
879 3541 1237 3627 apostolica
1281 3542 1721 3626 subsistimus,
1799 3542 1911 3627 qui
1958 3541 2283 3608 Christum
2325 3542 2668 3629 profitetur

644 3894 693 3954 ¹)
745 3898 1031 3951 Nativitnte
1062 3897 1248 3950 Christi
1276 3900 1719 3964 extraordinaria,
1745 3902 2116 3953 incarnationis
2148 3901 2432 3965 mysterio,
2464 3895 2664 3952 nitus-te

730 3981 846 4046 ojus
874 3983 1112 4034 humanae
1139 3986 1336 4036 veritas
1375 4001 1482 4037 non
1510 3987 1677 4051 magis
1703 3984 1924 4052 tollitur,
1972 4002 2125 4055 quam
2154 3983 2340 4039 A'dami
2381 3985 2663 4036 creationis

727 4070 991 4132 mysterio.
1067 4068 1301 4121 Christus
1330 4070 1661 4122 nihilominus
1688 4078 1767 4123 cst
1793 4070 1822 4123 ὅ
1859 4070 1995 4125 κατὰ
2034 4069 2217 4136 noina
2253 4073 2364 4125 τοῖς·
2400 4069 2663 4137 ἀδελφοῖς

720 4148 1037 4223 ὄμοιωθείῆ
1066 4152 1185 4203 Ebr.
1214 4154 1266 4218 2,
1296 4155 1374 4205 17.
