3034 4759
1559 344 1642 412 38

570 546 869 613 ostendat
926 546 1277 633 discipulos
1325 547 1567 614 Christi
1581 596 1598 629 ,
1659 563 1804 633 quae
1855 545 2150 612 Christus
2201 547 2343 632 jam
2400 547 2643 630 citavit,

570 667 936 753 allegantes
1027 687 1235 753 eaque
1322 668 1825 752 interpretantes
1913 686 2002 730 ex
2075 671 2304 736 ,mente
2377 663 2641 734 Christi.

570 785 965 873 Exemplum
1031 784 1308 852 dixerim
1369 806 1559 854 usum
1624 783 1752 848 loci
1804 783 2076 850 Esaiani
2129 783 2229 868 (6,
2285 783 2346 847 9.
2407 779 2532 869 10)
2573 787 2646 851 in

577 902 852 990 epistola
895 902 980 968 ad
1011 903 1196 970 Rom.
1245 905 1342 987 11,
1389 903 1429 968 8
1468 912 1553 980 *et*
1585 902 1761 990 apud
1801 899 2030 970 Matth.
2083 902 2181 984 13,
2229 901 2308 966 15
2349 901 2646 990 locisque

574 1021 935 1109 parallelis:
991 1021 1168 1088 aliud
1212 1024 1585 1110 exemplum
1626 1042 1816 1089 usum
1859 1021 1970 1086 Ρη.
2019 1021 2160 1105 110,
2209 1021 2241 1084 1
2286 1021 2358 1088 in
2403 1022 2435 1085 1
2486 1021 2646 1087 Cor.

581 1141 678 1225 15,
718 1139 806 1206 25
850 1139 1025 1226 (coll.
1073 1140 1232 1208 Ebr.
1274 1144 1329 1226 1,
1379 1143 1477 1208 13.
1529 1143 1627 1224 10,
1677 1140 1783 1226 13)
1830 1148 1897 1208 et
1935 1140 2003 1204 in
2048 1159 2346 1206 sermone
2378 1140 2652 1207 Domini

578 1259 804 1326 Matth.
849 1261 963 1344 22,
1005 1260 1112 1326 44.

752 1378 1105 1446 Testantur
1151 1381 1441 1466 epistolae
1485 1380 1704 1465 Pauli,
1746 1379 2214 1466 Apostolorum
2255 1399 2390 1446 non
2429 1378 2653 1482 fuisse,

584 1497 986 1566 solummodo
1031 1497 1313 1566 reddere
1355 1498 1564 1566 verba
1607 1498 1731 1566 sibi
1773 1497 2030 1582 tradita,
2076 1518 2332 1582 verum,
2388 1508 2460 1566 ut
2503 1519 2654 1586 pro-

582 1618 798 1685 fitetur
839 1617 1193 1705 Apostolus
1207 1668 1224 1702 ,
1280 1620 1351 1687 ἓν
1405 1621 1725 1698 Mam&-
1767 1625 2159 1705 πνεῦμαως,
2213 1631 2658 1705 πωμαπκαῒς

584 1735 980 1821 πνευματικὰ
1037 1744 1393 1823 συγκρίνειν
1447 1740 1512 1822 (1
1578 1736 1730 1802 Cor.
1776 1739 1849 1821 2,
1911 1737 2038 1823 13).
2139 1735 2401 1823 Ubique
2459 1737 2657 1822 igitur

586 1856 946 1944 reperimus
991 1855 1058 1925 τὸ
1104 1861 1357 1943 πνεῦμα
1400 1862 1509 1925 τοῦ
1549 1861 1846 1941 Χρισωῢ,
1890 1859 2043 1927 νοῦν
2082 1843 2364 1942 Χριὰωῦ
2405 1856 2471 1942 (1
2500 1856 2655 1926 Cer.

586 1976 647 2059 2,
694 1975 838 2060 16),
893 1996 1122 2044 verum
1165 1976 1377 2044 verba
1419 1978 1561 2064 ejus
1605 1997 1736 2041 non
1778 1984 1912 2042 tam
1955 1977 2281 2042 memoriae
2333 1975 2660 2061 mandata,

592 2115 784 2180 quam
830 2115 916 2161 ex
960 2097 1187 2183 spiritu
1228 2096 1447 2161 denuo
1499 2105 1673 2160 nata.
1763 2095 1911 2176 Quo
1968 2093 2210 2160 factum
2270 2103 2401 2178 est,
2452 2103 2523 2159 ut
2568 2094 2661 2160 hi-

591 2214 792 2279 storia
837 2214 1109 2299 Christi,
1178 2224 1499 2301 quatenus
1553 2215 1619 2284 in
1663 2212 1885 2278 verbis
1931 2222 1997 2279 et
2027 2212 2461 2280 ‘sermonibus
2517 2187 2659 2299 ejas

592 2333 925 2400 tradendis
990 2342 1322 2417 versatur,
1402 2334 1557 2398 solis
1623 2331 2175 2418 evangelistarum
2238 2332 2663 2400 relationibus

590 2453 860 2518 nitatur:
929 2451 1218 2538 epistolas
1266 2451 1661 2539 Apostolioae
1719 2462 2176 2538 argumentum
2227 2451 2490 2539 quidem
2552 2450 2662 2515 ho·

592 2593 731 2636 rum
780 2592 1149 2640 sermonum
1195 2582 1478 2657 servant,
1526 2571 1609 2637 de
1656 2572 1955 2638 doctrina
1995 2547 2252 2636 Christi*
2276 2592 2410 2636 non
2452 2571 2663 2636 minus

597 2714 790 2779 quam
835 2690 1179 2777 evangelia
1220 2700 1568 2774 testantur,
1623 2713 1757 2756 non
1815 2701 2030 2758 autem
2092 2689 2218 2756 sibi
2255 2691 2663 2785 propositum

595 2810 866 2892 habent,
932 2811 1078 2897 ipsa
1140 2811 1349 2875 verba
1409 2812 1727 2893 reddere,
1793 2832 2008 2898 neque
2076 2810 2324 2895 licebit,
2388 2810 2662 2876 formam

597 2928 929 2998 doctrinae
969 2927 1230 3012 Christi,
1277 2931 1419 3017 ejus
1465 2928 1729 2995 dicendi
1774 2919 1839 2994 et
1888 2928 2301 3015 colloquendi
2347 2929 2665 2995 rationem

601 3069 686 3114 ex
729 3046 908 3112 hisee
956 3048 1246 3134 epistolis
1291 3052 1573 3137 imagine
1622 3072 1941 3139 expressa
1985 3051 2350 3115 restituere.

770 3168 1107 3254 Sequitur,
1150 3178 1223 3231 ut
1266 3169 1321 3231 si
1365 3170 1671 3234 deessent
1699 3169 1903 3234 nobis
1958 3169 2451 3255 evangeliorum
2505 3187 2666 3254 pr-ae-

599 3285 795 3370 sidia,
853 3288 1003 3351 vitae
1050 3284 1292 3352 Christi
1333 3288 1552 3374 imago
1608 3288 1731 3353 hae
1775 3307 1862 3353 ex
1918 3297 2104 3377 parte
2151 3310 2345 3375 quam
2385 3286 2667 3352 maxime

597 3404 979 3494 imperfecta
1038 3405 1227 3472 foret.
1315 3407 1466 3472 Non
1538 3406 1802 3494 quidem
1869 3406 2350 3473 desideraretur
2422 3419 2670 3472 summa

602 3526 915 3592 doetrinae
962 3524 1232 3610 Christi,
1286 3527 1447 3613 ipsis
1490 3526 1782 3613 epistolis
1825 3525 2221 3614 Apostolieis
2270 3527 2426 3591 satis
2469 3537 2720 3612 expo-‘

601 3647 756 3730 sita,
842 3666 1070 3709 verum
1136 3644 1399 3711 deesset
1461 3645 1651 3714 nobis
1717 3635 2007 3733 pr'aesens
2074 3643 2186 3709 illa
2257 3654 2482 3732 atque,
2516 3647 2669 3709 viva

605 3764 844 3830 Christi
890 3763 1213 3851 loquentis
1260 3774 1327 3829 et
1370 3764 1817 3852 colloquentis,
1869 3765 2181 3848 docentis,
2224 3764 2561 3852 probantis
2607 3773 2673 3835 et

600 3884 1025 3969 improbantis
1066 3884 1318 3969 imago,
1388 3906 1582 3971 quam
1643 3884 2191 3969 evangelistarum
2251 3883 2411 3947 fidei
2476 3882 2672 3947 debe-

602 4023 763 4068 mus.
850 4001 1051 4068 Aliud
1094 4011 1224 4088 est,
1285 4002 1492 4090 quod,
1558 4003 1777 4090 posita
1839 4002 2183 4069 traditione
2243 3999 2673 4087 evangelista-

601 4143 763 4206 rum,
809 4119 920 4190 ubi
964 4121 1050 4185 ad
1095 4121 1402 4210 epistolas
1446 4122 1860 4215 Apostolieas
1903 4121 2296 4205 aceedimus,
2347 4120 2671 4190 relationi-
