3034 4759
1609 325 1700 396 4}

633 530 893 622 quidem
939 537 1119 597 eerto
1164 530 1640 616 affirmaverim,
1684 531 1809 596 hoo
1852 530 2058 596 verbo
2102 531 2474 618 respexisse
2519 536 2696 619 Apo-

630 649 863 718 stolum
908 650 994 716 ad
1037 658 1291 737 tempus
1332 649 1484 716 festi
1512 648 1857 736 paschalis,
1903 669 2032 736 quo
2079 648 2375 716 Christus
2419 659 2697 716 mortem

598 821 607 830 .
635 770 905 837 subierit
919 771 1003 855 1)τ
1048 770 1423 836 verosimile
1444 778 1664 835 tamen
1688 769 1983 854 dixerim,
2025 770 2219 833 immo
2243 767 2698 852 verosimilius,

634 913 825 978 quam
868 899 1143 976 tempus,
1189 911 1316 976 quo
1364 887 1704 976 epistolam
1747 888 1920 954 illam
1957 887 2043 953 ad
2080 887 2451 954 Corinthios
2499 891 2698 977 serip-

634 1011 791 1074 serit
832 1008 1208 1095 Apostolus,
1255 1031 1341 1073 ex
1383 1007 1564 1073 hisee
1608 1008 1905 1094 vestigiis
1949 1029 2290 1095 apparere.

803 1128 1189 1194 Aoeuratius
1232 1147 1429 1213 porro
1475 1127 1717 1193 indicat
1759 1126 2035 1211 Paulus,
2103 1148 2231 1213 quo
2274 1127 2471 1192 modo
2518 1127 2700 1193 Chri-

634 1259 770 1314 stus
814 1249 1005 1314 morti
1049 1249 1130 1314 sit
1169 1246 1476 1331 traditus,
1523 1268 1721 1333 quum
1764 1268 1911 1311 eum
1954 1245 2313 1333 proditum,
2371 1255 2699 1334 noctuque

632 1367 959 1455 proditum
1005 1367 1107 1453 (ἐν
1147 1373 1226 1463 τῇ
1266 1371 1439 1434 νυκτὶ
1477 1365 1518 1460 ᾗ
1560 1367 1946 1452 παρεδίδοτο
1988 1367 2020 1430 1
2050 1365 2206 1431 Cor.
2232 1366 2330 1448 11,
2351 1365 2465 1451 23)
2489 1364 2702 1431 obiter

637 1487 994 1551 confirmet.
1082 1486 1209 1551 Est
1241 1494 1456 1550 autem
1489 1483 1604 1550 illa
1638 1504 1791 1570 nox,
1837 1508 1966 1573 qua
2006 1484 2301 1572 proditus
2346 1493 2448 1549 est
2478 1485 2703 1549 Domi·

634 1629 787 1692 nus,
872 1606 1136 1690 eadem,
1217 1627 1348 1692 qua
1413 1625 1664 1669 sacram
1733 1626 2003 1670 coenam
2070 1604 2362 1669 instituit.
2490 1605 2703 1685 Quam

637 1726 906 1812 egregie
964 1722 1231 1810 explent
1271 1722 1636 1789 traditionis
1679 1724 1967 1790 Paulinae
2021 1724 2286 1789 lacunas
2333 1743 2543 1808 evang
2552 1723 2703 1788 elio-

628 1867 770 1910 rum
818 1842 1089 1908 divitiae!

807 1965 1102 2028 Mortuus
1149 1970 1249 2028 est
1293 1961 1608 2048 Christus,
1651 1972 1851 2030 noctu
1891 1963 2184 2030 traditus.
2257 1968 2585 2035 Απέθανε
2620 1999 2703 2013 --

644 2084 799 2148 dicit
840 2082 1195 2169 Apostolus
1253 2081 1320 2169 (1
1370 2081 1525 2148 Cor.
1571 2082 1646 2168 8,
1694 2084 1767 2149 11
1817 2082 1992 2170 &o.),
2059 2092 2127 2149 at
2180 2082 2319 2149 haee
2371 2105 2549 2148 mors
2606 2092 2707 2151 est

638 2209 929 2287 νέκρωσις
963 2202 1032 2286 (2
1057 2201 1210 2267 Cor.
1233 2200 1296 2286 4,
1336 2200 1473 2286 10),
1543 2211 1643 2266 est
1689 2224 1866 2268 mors
1913 2200 2202 2267 violenta
2237 2211 2303 2267 et
2348 2203 2706 2287 sanguinea

640 2321 744 2405 (ἐν
788 2326 874 2411 τῷ
916 2328 1143 2405 αἵματι
1188 2318 1383 2389 atim&
1412 2319 1598 2384 Rom.
1634 2321 1694 2406 5,
1732 2322 1792 2386 9.
1839 2319 2099 2407 Eph..1‚
2136 2322 2172 2385 7
2209 2321 2322 2386 Sto.
2358 2324 2708 2411 παρεδόθη

635 2440 821 2503 Rom.
849 2438 911 2522 4,
933 2438 1036 2502 25.
1085 2439 1283 2525 ἐτύθη
1332 2439 1364 2502 1
1394 2436 1547 2503 Cor.
1571 2438 1631 2524 5,
1658 2439 1757 2525 7),
1803 2447 1906 2505 est
1934 2461 2110 2505 mors
2147 2441 2356 2506 erucis
2380 2442 2707 2528 (θάνατος

635 2565 910 2645 σταυροῦ
942 2556 1106 2623 Phil.
1133 2560 1192 2641 2,
1217 2554 1276 2622 8.
1317 2559 1479 2644 αἷμα
1523 2564 1637 2627 τοῦ
1680 2567 1950 2645 σταυροῦ
1994 2559 2195 2629 αὐτοῦ
2238 2558 2380 2625 Col.
2410 2561 2707 2647 1,2Ο)--

637 2678 917 2764 ideoque
964 2681 1348 2763 κηρύσσομεν
1390 2676 1632 2761 Χριςὸν
1674 2679 2154 2764 ἐσταυρωμένον
2195 2678 2261 2765 (1
2304 2678 2456 2744 Cor.
2499 2684 2554 2764 1,
2595 2682 2700 2746 23.

593 2865 606 2876 ,
635 2797 779 2862 coll.
823 2819 886 2860 v.
918 2796 1015 2860 18.
1054 2797 1124 2879 2,
1159 2794 1260 2880 2),
1307 2802 1656 2879 νένομενον
1697 2796 1858 2882 ὖπὲρ
1886 2796 2063 2884 ἢμᾰίν
2106 2800 2399 2883 κατάραν
2440 2797 2617 2885 (Gal.
2641 2800 2702 2883 3,

641 2913 767 3001 13):
794 2935 943 2978 nam
967 2914 1159 2982 ἐπεκα
1175 2917 1439 3000 πέρατος
1461 2922 1597 2994 πᾶς
1630 2914 1671 2983 ὅ
1703 2919 2096 3002 κρεμάμενος
2120 2917 2225 2983 ἐπὶ
2245 2919 2448 2998 ξύλου.
2488 2916 2703 3003 Hujus

633 3034 860 3098 mortis
895 3035 1286 3117 sanguineae,
1329 3035 1397 3099 in
1431 3027 1625 3099 er'uce
1664 3038 1960 3122 αἷοχὺνης
1991 3035 2181 3117 (Ebr.
2211 3034 2308 3122 12,
2336 3035 2406 3120 2)
2459 3037 2701 3100 mentio

638 3153 862 3218 subest
902 3152 1255 3217 innumeris
1299 3151 1480 3236 locis,
1529 3152 1761 3239 quibus
1807 3156 1907 3218 vis
1947 3153 2140 3239 hujus
2179 3153 2478 3218 sacrifica}
2516 3156 2697 3219 varie

637 3273 1011 3358 exponitur:
1056 3272 1164 3355 ita,
1196 3269 1311 3335 ubi
1331 3269 1687 3357 Apostolus
1708 3272 2081 3358 profitetur:
2125 3276 2337 3361 Χριςῷ·
2356 3266 2701 3342 συνεσταύ-

639 3384 843 3476 ρωμάι
870 3373 1064 3473 (Gal.
1099 3389 1159 3473 2,
1199 3389 1296 3454 19.
1344 3387 1489 3453 coll.
1535 3390 1724 3456 Rom.
1765 3392 1827 3474 6,
1862 3389 1964 3477 6),
2007 3391 2120 3456 ubi
2162 3392 2482 3457 Dominus
2538 3393 2705 3458 sisti-

1116 3596 1218 3605 *-

687 3725 740 3800 ¹)
777 3728 1083 3790 Extenditur
1109 3745 1238 3784 vero
1267 3730 1421 3797 hujus
1448 3732 1624 3785 indicii
1654 3733 1733 3786 vis
1761 3732 1898 3786 ultra
1926 3731 2100 3798 justos
2135 3733 2323 3787 limites
2349 3735 2415 3788 ab
2445 3737 2508 3787 iis
2534 3738 2701 3788 inter-

768 3814 1000 3882 pretibus
1027 3814 1221 3893 (Baur
1247 3815 1365 3867 krit.
1390 3817 1597 3871 Unters.
1627 3817 1714 3869 ab.
1744 3817 1793 3869 d.
1818 3816 2012 3871 kanon.
2032 3818 2231 3885 Evang.
2255 3837 2304 3888 p.
2326 3820 2442 3872 274.
2498 3821 2563 3874 Β]
2579 3822 2701 3873 eek

768 3900 993 3966 Boura-ng.
1014 3916 1065 3967 p.
1088 3893 1245 3966 153),
1274 3903 1441 3970 quiex
1461 3919 1524 3955 eo
1546 3903 1848 3968 conjiciunt,
1868 3900 2126 3956 Christum
2145 3904 2305 3957 fuisse
2324 3910 2463 3958 cruci
2491 3907 2698 3960 affixum

771 3985 954 4036 eodem
982 3985 1085 4052 die,
1114 3999 1216 4054 quo
1243 4001 1430 4053 agnum
1458 3987 1760 4056 paschalem
1786 3996 2076 4042 mactarent
2098 3990 2280 4043 Judaefl.
