<?xml version="1.0" encoding="UTF-8"?>
<!DOCTYPE html PUBLIC "-//W3C//DTD XHTML 1.0 Transitional//EN"
    "http://www.w3.org/TR/xhtml1/DTD/xhtml1-transitional.dtd">
<html xmlns="http://www.w3.org/1999/xhtml" xml:lang="en" lang="en">
 <head>
  <title>
</title>
<meta http-equiv="Content-Type" content="text/html;charset=utf-8" />
  <meta name='ocr-system' content='tesseract 3.04.00' />
  <meta name='ocr-capabilities' content='ocr_page ocr_carea ocr_par ocr_line ocrx_word'/>
</head>
<body>
  <div class='ocr_page' id='page_1' title='image "./vitajesuchristi00koltgoog_0057.png"; bbox 0 0 3034 4759; ppageno 0'>
   <div class='ocr_carea' id='block_1_1' title="bbox 222 983 259 998">
    <p class='ocr_par' dir='ltr' id='par_1_1' title="bbox 222 983 259 998">
     <span class='ocr_line' id='line_1_1' title="bbox 222 983 259 998; baseline 0 0"><span class='ocrx_word' id='word_1_1' title='bbox 222 983 259 998; x_wconf 54' lang='lat' dir='ltr'><em>d</em></span> 
     </span>
    </p>
   </div>
   <div class='ocr_carea' id='block_1_2' title="bbox 1325 353 1413 420">
    <p class='ocr_par' dir='ltr' id='par_1_2' title="bbox 1325 353 1413 420">
     <span class='ocr_line' id='line_1_2' title="bbox 1325 353 1413 420; baseline 0 0"><span class='ocrx_word' id='word_1_2' title='bbox 1325 353 1413 420; x_wconf 69' lang='lat'><strong>45</strong></span> 
     </span>
    </p>
   </div>
   <div class='ocr_carea' id='block_1_3' title="bbox 322 555 2397 882">
    <p class='ocr_par' dir='ltr' id='par_1_3' title="bbox 322 555 2397 882">
     <span class='ocr_line' id='line_1_3' title="bbox 463 555 2397 643; baseline 0.001 -21"><span class='ocrx_word' id='word_1_3' title='bbox 463 557 724 643; x_wconf 78' lang='lat' dir='ltr'><strong>“Neque</strong></span> <span class='ocrx_word' id='word_1_4' title='bbox 773 555 1081 642; x_wconf 81' lang='lat' dir='ltr'><strong>baptismi</strong></span> <span class='ocrx_word' id='word_1_5' title='bbox 1133 558 1818 623; x_wconf 71' lang='lat' dir='ltr'><strong>commemorationem</strong></span> <span class='ocrx_word' id='word_1_6' title='bbox 1878 557 2168 643; x_wconf 74' lang='lat' dir='ltr'><strong>epistolis</strong></span> <span class='ocrx_word' id='word_1_7' title='bbox 2212 557 2397 624; x_wconf 88' lang='lat' dir='ltr'><strong>Pauli</strong></span> 
     </span>
     <span class='ocr_line' id='line_1_4' title="bbox 325 674 2393 762; baseline 0 -22"><span class='ocrx_word' id='word_1_8' title='bbox 325 676 580 760; x_wconf 63' lang='lat' dir='ltr'><strong>deame,</strong></span> <span class='ocrx_word' id='word_1_9' title='bbox 625 676 781 741; x_wconf 66' lang='lat' dir='ltr'><strong>satis</strong></span> <span class='ocrx_word' id='word_1_10' title='bbox 826 683 1108 741; x_wconf 83' lang='lat' dir='ltr'><strong>constat:</strong></span> <span class='ocrx_word' id='word_1_11' title='bbox 1179 674 1381 740; x_wconf 85' lang='lat' dir='ltr'><strong>confr.</strong></span> <span class='ocrx_word' id='word_1_12' title='bbox 1438 675 1610 762; x_wconf 81' lang='lat' dir='ltr'><strong>Eph.</strong></span> <span class='ocrx_word' id='word_1_13' title='bbox 1655 675 1730 760; x_wconf 75' lang='grc' dir='ltr'><strong>ὅ,</strong></span> <span class='ocrx_word' id='word_1_14' title='bbox 1794 676 1897 741; x_wconf 88' lang='grc'><strong>26.</strong></span> <span class='ocrx_word' id='word_1_15' title='bbox 1984 675 2057 759; x_wconf 82' lang='grc'><strong>4,</strong></span> <span class='ocrx_word' id='word_1_16' title='bbox 2113 677 2175 742; x_wconf 80' lang='grc'><strong>5.</strong></span> <span class='ocrx_word' id='word_1_17' title='bbox 2265 677 2393 742; x_wconf 86' lang='lat' dir='ltr'><strong>Tit.</strong></span> 
     </span>
     <span class='ocr_line' id='line_1_5' title="bbox 322 794 2223 882; baseline 0.001 -23"><span class='ocrx_word' id='word_1_18' title='bbox 322 796 381 879; x_wconf 87' lang='lat'><strong>3,</strong></span> <span class='ocrx_word' id='word_1_19' title='bbox 425 794 488 859; x_wconf 80' lang='lat'><strong>5.</strong></span> <span class='ocrx_word' id='word_1_20' title='bbox 581 796 612 858; x_wconf 95' lang='lat'>1</span> <span class='ocrx_word' id='word_1_21' title='bbox 664 794 818 862; x_wconf 83' lang='lat' dir='ltr'><strong>Cor.</strong></span> <span class='ocrx_word' id='word_1_22' title='bbox 870 796 924 877; x_wconf 89' lang='grc'><strong>1,</strong></span> <span class='ocrx_word' id='word_1_23' title='bbox 973 794 1075 859; x_wconf 85' lang='grc'><strong>13.</strong></span> <span class='ocrx_word' id='word_1_24' title='bbox 1164 797 1350 861; x_wconf 86' lang='lat' dir='ltr'><strong>Rom.</strong></span> <span class='ocrx_word' id='word_1_25' title='bbox 1396 795 1456 879; x_wconf 78' lang='lat'><strong>6,</strong></span> <span class='ocrx_word' id='word_1_26' title='bbox 1500 795 1543 860; x_wconf 85' lang='lat'><strong>3</strong></span> <span class='ocrx_word' id='word_1_27' title='bbox 1588 816 1730 882; x_wconf 90' lang='lat' dir='ltr'><strong>sqq.</strong></span> <span class='ocrx_word' id='word_1_28' title='bbox 1821 795 1965 862; x_wconf 82' lang='lat' dir='ltr'><strong>Gal.</strong></span> <span class='ocrx_word' id='word_1_29' title='bbox 2012 795 2071 878; x_wconf 88' lang='lat'><strong>3,</strong></span> <span class='ocrx_word' id='word_1_30' title='bbox 2119 796 2223 860; x_wconf 76' lang='lat'><strong>2⁴1.</strong></span> 
     </span>
    </p>
   </div>
   <div class='ocr_carea' id='block_1_4' title="bbox 1261 998 1449 1080">
    <p class='ocr_par' dir='ltr' id='par_1_4' title="bbox 1261 998 1449 1080">
     <span class='ocr_line' id='line_1_6' title="bbox 1261 998 1449 1080; baseline -0.005 -18"><span class='ocrx_word' id='word_1_31' title='bbox 1261 1003 1301 1080; x_wconf 65' lang='lat' dir='ltr'><strong>s</strong></span> <span class='ocrx_word' id='word_1_32' title='bbox 1351 998 1449 1062; x_wconf 87' lang='lat'><strong>18.</strong></span> 
     </span>
    </p>
   </div>
   <div class='ocr_carea' id='block_1_5' title="bbox 321 1149 2395 1477">
    <p class='ocr_par' dir='ltr' id='par_1_5' title="bbox 321 1149 2395 1477">
     <span class='ocr_line' id='line_1_7' title="bbox 489 1149 2395 1272; baseline 0.002 -57"><span class='ocrx_word' id='word_1_33' title='bbox 489 1150 743 1215; x_wconf 64' lang='lat' dir='ltr'><strong>Jesum¹</strong></span> <span class='ocrx_word' id='word_1_34' title='bbox 770 1149 1100 1216; x_wconf 78' lang='lat' dir='ltr'><strong>Christum</strong></span> <span class='ocrx_word' id='word_1_35' title='bbox 1146 1151 1269 1217; x_wconf 86' lang='lat' dir='ltr'><strong>sub</strong></span> <span class='ocrx_word' id='word_1_36' title='bbox 1315 1151 1549 1216; x_wconf 90' lang='lat' dir='ltr'><strong>Pontio</strong></span> <span class='ocrx_word' id='word_1_37' title='bbox 1596 1151 1806 1272; x_wconf 43' lang='lat' dir='ltr'><strong>Pilato</strong></span> <span class='ocrx_word' id='word_1_38' title='bbox 1851 1171 2149 1238; x_wconf 83' lang='lat' dir='ltr'><strong>passum,</strong></span> <span class='ocrx_word' id='word_1_39' title='bbox 2195 1155 2395 1220; x_wconf 87' lang='lat' dir='ltr'><strong>cruci·</strong></span> 
     </span>
     <span class='ocr_line' id='line_1_8' title="bbox 323 1269 2393 1359; baseline 0.002 -25"><span class='ocrx_word' id='word_1_40' title='bbox 323 1269 522 1334; x_wconf 81' lang='lat' dir='ltr'><strong>fixum</strong></span> <span class='ocrx_word' id='word_1_41' title='bbox 540 1317 557 1353; x_wconf 91' lang='lat'><strong>,</strong></span> <span class='ocrx_word' id='word_1_42' title='bbox 601 1278 925 1336; x_wconf 62' lang='lat' dir='ltr'><strong>mortuum</strong></span> <span class='ocrx_word' id='word_1_43' title='bbox 972 1280 1038 1336; x_wconf 87' lang='lat' dir='ltr'><strong>et</strong></span> <span class='ocrx_word' id='word_1_44' title='bbox 1058 1335 1061 1340; x_wconf 80' lang='grc'>,</span> <span class='ocrx_word' id='word_1_45' title='bbox 1082 1270 1435 1358; x_wconf 80' lang='lat' dir='ltr'><strong>sepultum,</strong></span> <span class='ocrx_word' id='word_1_46' title='bbox 1479 1271 1834 1336; x_wconf 70' lang='lat' dir='ltr'><strong>innumeris</strong></span> <span class='ocrx_word' id='word_1_47' title='bbox 1878 1270 2038 1337; x_wconf 91' lang='lat' dir='ltr'><strong>locis</strong></span> <span class='ocrx_word' id='word_1_48' title='bbox 2082 1272 2393 1359; x_wconf 73' lang='lat' dir='ltr'><strong>praedioat</strong></span> 
     </span>
     <span class='ocr_line' id='line_1_9' title="bbox 321 1386 2392 1477; baseline 0.002 -25"><span class='ocrx_word' id='word_1_49' title='bbox 321 1386 563 1453; x_wconf 85' lang='lat' dir='ltr'><strong>Paulus</strong></span> <span class='ocrx_word' id='word_1_50' title='bbox 620 1388 993 1474; x_wconf 77' lang='lat' dir='ltr'><strong>Apostolus.</strong></span> <span class='ocrx_word' id='word_1_51' title='bbox 1122 1390 1326 1477; x_wconf 83' lang='lat' dir='ltr'><strong>Cujus</strong></span> <span class='ocrx_word' id='word_1_52' title='bbox 1387 1388 1868 1477; x_wconf 71' lang='lat' dir='ltr'><strong>praessdicationis</strong></span> <span class='ocrx_word' id='word_1_53' title='bbox 1918 1391 1975 1456; x_wconf 87' lang='lat' dir='ltr'><strong>si</strong></span> <span class='ocrx_word' id='word_1_54' title='bbox 2030 1393 2392 1458; x_wconf 80' lang='lat' dir='ltr'><strong>accuratius</strong></span> 
     </span>
    </p>
   </div>
   <div class='ocr_carea' id='block_1_6' title="bbox 319 1506 2506 1595">
    <p class='ocr_par' dir='ltr' id='par_1_6' title="bbox 319 1506 2506 1595">
     <span class='ocr_line' id='line_1_10' title="bbox 319 1506 2506 1595; baseline 0.002 -23"><span class='ocrx_word' id='word_1_55' title='bbox 319 1506 783 1593; x_wconf 70' lang='lat' dir='ltr'><strong>perpendimus</strong></span> <span class='ocrx_word' id='word_1_56' title='bbox 831 1509 1088 1595; x_wconf 80' lang='lat' dir='ltr'><strong>singula</strong></span> <span class='ocrx_word' id='word_1_57' title='bbox 1129 1509 1368 1593; x_wconf 87' lang='lat' dir='ltr'><strong>verba,</strong></span> <span class='ocrx_word' id='word_1_58' title='bbox 1435 1508 1716 1595; x_wconf 85' lang='lat' dir='ltr'><strong>patebit,</strong></span> <span class='ocrx_word' id='word_1_59' title='bbox 1784 1518 2090 1595; x_wconf 86' lang='lat' dir='ltr'><strong>quantum</strong></span> <span class='ocrx_word' id='word_1_60' title='bbox 2150 1509 2393 1576; x_wconf 78' lang='lat' dir='ltr'><strong>Christi</strong></span> <span class='ocrx_word' id='word_1_61' title='bbox 2502 1523 2506 1527; x_wconf 85' lang='grc'><strong><em>’</em></strong></span> 
     </span>
    </p>
   </div>
   <div class='ocr_carea' id='block_1_7' title="bbox 315 1624 2426 4209">
    <p class='ocr_par' dir='ltr' id='par_1_7' title="bbox 318 1624 1195 1696">
     <span class='ocr_line' id='line_1_11' title="bbox 318 1624 1195 1696; baseline 0.005 -6"><span class='ocrx_word' id='word_1_62' title='bbox 318 1624 587 1693; x_wconf 83' lang='lat' dir='ltr'><strong>historia</strong></span> <span class='ocrx_word' id='word_1_63' title='bbox 627 1628 707 1692; x_wconf 87' lang='lat' dir='ltr'><strong>iis</strong></span> <span class='ocrx_word' id='word_1_64' title='bbox 753 1628 1195 1696; x_wconf 71' lang='lat' dir='ltr'><strong>adumbretur.</strong></span> 
     </span>
    </p>

    <p class='ocr_par' dir='ltr' id='par_1_8' title="bbox 316 1739 2426 2906">
     <span class='ocr_line' id='line_1_12' title="bbox 488 1739 2392 1834; baseline 0.003 -23"><span class='ocrx_word' id='word_1_65' title='bbox 488 1746 887 1813; x_wconf 80' lang='lat' dir='ltr'><strong>Mentionem</strong></span> <span class='ocrx_word' id='word_1_66' title='bbox 925 1748 1085 1814; x_wconf 81' lang='lat' dir='ltr'><strong>facit</strong></span> <span class='ocrx_word' id='word_1_67' title='bbox 1098 1739 1460 1834; x_wconf 41' lang='lat' dir='ltr'><strong>&#39;Apostolus</strong></span> <span class='ocrx_word' id='word_1_68' title='bbox 1503 1751 1632 1815; x_wconf 64' lang='grc' dir='ltr'><strong>τῶν</strong></span> <span class='ocrx_word' id='word_1_69' title='bbox 1665 1748 1971 1832; x_wconf 52' lang='grc' dir='ltr'><strong>θλίψεων</strong></span> <span class='ocrx_word' id='word_1_70' title='bbox 2013 1751 2123 1816; x_wconf 64' lang='lat' dir='ltr'><strong>w&amp;</strong></span> <span class='ocrx_word' id='word_1_71' title='bbox 2151 1754 2392 1834; x_wconf 68' lang='grc' dir='ltr'><strong><em>Χριςοῢ</em></strong></span> 
     </span>
     <span class='ocr_line' id='line_1_13' title="bbox 321 1864 2390 1953; baseline 0.003 -25"><span class='ocrx_word' id='word_1_72' title='bbox 321 1864 495 1949; x_wconf 85' lang='lat' dir='ltr'><strong>(Col.</strong></span> <span class='ocrx_word' id='word_1_73' title='bbox 547 1867 600 1948; x_wconf 94' lang='lat' dir='ltr'><strong>l,</strong></span> <span class='ocrx_word' id='word_1_74' title='bbox 645 1864 789 1951; x_wconf 88' lang='grc'><strong>24),</strong></span> <span class='ocrx_word' id='word_1_75' title='bbox 837 1867 1111 1953; x_wconf 84' lang='lat' dir='ltr'><strong>ejusque</strong></span> <span class='ocrx_word' id='word_1_76' title='bbox 1155 1869 1571 1953; x_wconf 73' lang='grc' dir='ltr'><em>παθημάτων</em></span> <span class='ocrx_word' id='word_1_77' title='bbox 1615 1864 1805 1951; x_wconf 83' lang='lat' dir='ltr'><strong>(Phil.</strong></span> <span class='ocrx_word' id='word_1_78' title='bbox 1834 1866 1892 1949; x_wconf 84' lang='lat'><strong>3,</strong></span> <span class='ocrx_word' id='word_1_79' title='bbox 1924 1866 2049 1952; x_wconf 87' lang='lat'><strong>10).</strong></span> <span class='ocrx_word' id='word_1_80' title='bbox 2136 1867 2390 1947; x_wconf 78' lang='lat' dir='ltr'><strong>Quibus</strong></span> 
     </span>
     <span class='ocr_line' id='line_1_14' title="bbox 316 1983 2394 2071; baseline 0.002 -23"><span class='ocrx_word' id='word_1_81' title='bbox 316 1983 537 2052; x_wconf 87' lang='lat' dir='ltr'><strong>verbis</strong></span> <span class='ocrx_word' id='word_1_82' title='bbox 598 1983 772 2068; x_wconf 86' lang='lat' dir='ltr'><strong>(coll.</strong></span> <span class='ocrx_word' id='word_1_83' title='bbox 831 1984 994 2052; x_wconf 80' lang='lat' dir='ltr'><strong>Ebr.</strong></span> <span class='ocrx_word' id='word_1_84' title='bbox 1039 1986 1111 2069; x_wconf 87' lang='grc'><strong>2,</strong></span> <span class='ocrx_word' id='word_1_85' title='bbox 1163 1985 1259 2050; x_wconf 90' lang='grc'><strong>10.</strong></span> <span class='ocrx_word' id='word_1_86' title='bbox 1307 1984 1378 2048; x_wconf 80' lang='lat'><strong>9:</strong></span> <span class='ocrx_word' id='word_1_87' title='bbox 1450 1985 1519 2052; x_wconf 69' lang='grc' dir='ltr'><strong>τὸ</strong></span> <span class='ocrx_word' id='word_1_88' title='bbox 1576 1986 1870 2071; x_wconf 71' lang='grc' dir='ltr'><strong><em>πάθημα</em></strong></span> <span class='ocrx_word' id='word_1_89' title='bbox 1925 1987 2037 2054; x_wconf 76' lang='grc' dir='ltr'><strong>τοῦ</strong></span> <span class='ocrx_word' id='word_1_90' title='bbox 2092 1989 2394 2054; x_wconf 70' lang='grc' dir='ltr'><em>θανάτου</em></span> 
     </span>
     <span class='ocr_line' id='line_1_15' title="bbox 319 2099 2386 2190; baseline 0.003 -26"><span class='ocrx_word' id='word_1_91' title='bbox 319 2101 379 2185; x_wconf 79' lang='lat'><strong>5,</strong></span> <span class='ocrx_word' id='word_1_92' title='bbox 417 2100 489 2166; x_wconf 80' lang='lat'><strong>7:</strong></span> <span class='ocrx_word' id='word_1_93' title='bbox 534 2105 811 2187; x_wconf 71' lang='grc' dir='ltr'><strong>ἔμαθεν,</strong></span> <span class='ocrx_word' id='word_1_94' title='bbox 857 2103 975 2190; x_wconf 69' lang='grc' dir='ltr'><strong>ἀφ’</strong></span> <span class='ocrx_word' id='word_1_95' title='bbox 1013 2101 1105 2174; x_wconf 79' lang='grc' dir='ltr'><strong>ὦν</strong></span> <span class='ocrx_word' id='word_1_96' title='bbox 1146 2105 1387 2181; x_wconf 70' lang='grc' dir='ltr'>ἔπαθε,</span> <span class='ocrx_word' id='word_1_97' title='bbox 1432 2101 1544 2189; x_wconf 67' lang='grc' dir='ltr'><strong>τὴν</strong></span> <span class='ocrx_word' id='word_1_98' title='bbox 1583 2099 1896 2189; x_wconf 63' lang='grc' dir='ltr'><strong>ὑπακοήν.</strong></span> <span class='ocrx_word' id='word_1_99' title='bbox 1958 2103 2106 2170; x_wconf 83' lang='lat' dir='ltr'><strong>Aet.</strong></span> <span class='ocrx_word' id='word_1_100' title='bbox 2140 2103 2244 2187; x_wconf 87' lang='grc'><strong>26,</strong></span> <span class='ocrx_word' id='word_1_101' title='bbox 2272 2105 2386 2170; x_wconf 79' lang='lat'><strong>23:</strong></span> 
     </span>
     <span class='ocr_line' id='line_1_16' title="bbox 317 2218 2391 2308; baseline -0.002 -18"><span class='ocrx_word' id='word_1_102' title='bbox 317 2221 621 2306; x_wconf 65' lang='grc' dir='ltr'><strong>παθητὸς</strong></span> <span class='ocrx_word' id='word_1_103' title='bbox 664 2218 704 2289; x_wconf 79' lang='lat' dir='ltr'><strong>o‘</strong></span> <span class='ocrx_word' id='word_1_104' title='bbox 746 2222 1007 2308; x_wconf 74' lang='grc' dir='ltr'><strong>Χριςός)</strong></span> <span class='ocrx_word' id='word_1_105' title='bbox 1064 2222 1217 2290; x_wconf 80' lang='lat' dir='ltr'><strong>licet</strong></span> <span class='ocrx_word' id='word_1_106' title='bbox 1271 2220 1356 2288; x_wconf 89' lang='lat' dir='ltr'><strong>ad</strong></span> <span class='ocrx_word' id='word_1_107' title='bbox 1402 2219 1839 2290; x_wconf 86' lang='lat' dir='ltr'><strong>conditionem</strong></span> <span class='ocrx_word' id='word_1_108' title='bbox 1883 2222 2034 2285; x_wconf 83' lang='lat' dir='ltr'><strong>vitae</strong></span> <span class='ocrx_word' id='word_1_109' title='bbox 2080 2223 2221 2307; x_wconf 85' lang='lat' dir='ltr'><strong>ejus</strong></span> <span class='ocrx_word' id='word_1_110' title='bbox 2265 2232 2391 2286; x_wconf 85' lang='lat' dir='ltr'><strong>ter-</strong></span> 
     </span>
     <span class='ocr_line' id='line_1_17' title="bbox 318 2340 2387 2427; baseline -0.001 -21"><span class='ocrx_word' id='word_1_111' title='bbox 318 2340 543 2406; x_wconf 79' lang='lat' dir='ltr'><strong>restris</strong></span> <span class='ocrx_word' id='word_1_112' title='bbox 586 2340 653 2408; x_wconf 86' lang='lat' dir='ltr'><strong>in</strong></span> <span class='ocrx_word' id='word_1_113' title='bbox 696 2341 1070 2408; x_wconf 73' lang='lat' dir='ltr'><strong>universum</strong></span> <span class='ocrx_word' id='word_1_114' title='bbox 1115 2341 1357 2427; x_wconf 79' lang='lat' dir='ltr'><strong>respici</strong></span> <span class='ocrx_word' id='word_1_115' title='bbox 1397 2348 1624 2427; x_wconf 85' lang='lat' dir='ltr'><strong>posset</strong></span> <span class='ocrx_word' id='word_1_116' title='bbox 1669 2341 1984 2425; x_wconf 67' lang='lat' dir='ltr'><strong>-&#39;‘quare</strong></span> <span class='ocrx_word' id='word_1_117' title='bbox 2031 2341 2224 2408; x_wconf 83' lang='lat' dir='ltr'><strong>etiam</strong></span> <span class='ocrx_word' id='word_1_118' title='bbox 2268 2361 2387 2406; x_wconf 83' lang='lat' dir='ltr'><strong>nos</strong></span> 
     </span>
     <span class='ocr_line' id='line_1_18' title="bbox 322 2457 2388 2546; baseline -0.003 -16"><span class='ocrx_word' id='word_1_119' title='bbox 322 2462 778 2545; x_wconf 68' lang='grc' dir='ltr'><strong>συμπάσχομεν</strong></span> <span class='ocrx_word' id='word_1_120' title='bbox 822 2461 1036 2546; x_wconf 89' lang='lat' dir='ltr'><strong>(Rom.</strong></span> <span class='ocrx_word' id='word_1_121' title='bbox 1061 2461 1125 2542; x_wconf 86' lang='lat'><strong>8,</strong></span> <span class='ocrx_word' id='word_1_122' title='bbox 1152 2460 1259 2544; x_wconf 83' lang='grc'><strong>17)</strong></span> <span class='ocrx_word' id='word_1_123' title='bbox 1296 2497 1381 2507; x_wconf 90' lang='lat'><strong>—-</strong></span> <span class='ocrx_word' id='word_1_124' title='bbox 1416 2459 1727 2545; x_wconf 85' lang='lat' dir='ltr'><strong>imprimis</strong></span> <span class='ocrx_word' id='word_1_125' title='bbox 1774 2457 2063 2526; x_wconf 75' lang='lat' dir='ltr'><strong>adhibita</strong></span> <span class='ocrx_word' id='word_1_126' title='bbox 2107 2481 2254 2526; x_wconf 88' lang='lat' dir='ltr'><strong>esse</strong></span> <span class='ocrx_word' id='word_1_127' title='bbox 2297 2461 2388 2525; x_wconf 83' lang='lat' dir='ltr'><strong>vi-</strong></span> 
     </span>
     <span class='ocr_line' id='line_1_19' title="bbox 320 2576 2387 2664; baseline 0.002 -24"><span class='ocrx_word' id='word_1_128' title='bbox 320 2576 572 2661; x_wconf 86' lang='lat' dir='ltr'><strong>dentur,</strong></span> <span class='ocrx_word' id='word_1_129' title='bbox 617 2587 689 2642; x_wconf 89' lang='lat' dir='ltr'><strong>ut</strong></span> <span class='ocrx_word' id='word_1_130' title='bbox 729 2578 808 2642; x_wconf 83' lang='lat' dir='ltr'><strong>iis</strong></span> <span class='ocrx_word' id='word_1_131' title='bbox 852 2579 1105 2663; x_wconf 83' lang='lat' dir='ltr'><strong>passio,</strong></span> <span class='ocrx_word' id='word_1_132' title='bbox 1169 2600 1314 2664; x_wconf 81' lang='lat' dir='ltr'><strong>quae</strong></span> <span class='ocrx_word' id='word_1_133' title='bbox 1357 2586 1633 2646; x_wconf 82' lang='lat' dir='ltr'><strong>mortem</strong></span> <span class='ocrx_word' id='word_1_134' title='bbox 1676 2577 1972 2662; x_wconf 83' lang='lat' dir='ltr'><strong>proxime</strong></span> <span class='ocrx_word' id='word_1_135' title='bbox 2019 2581 2387 2662; x_wconf 77' lang='lat' dir='ltr'><strong>antecessit,</strong></span> 
     </span>
     <span class='ocr_line' id='line_1_20' title="bbox 319 2694 2386 2786; baseline -0 -24"><span class='ocrx_word' id='word_1_136' title='bbox 319 2694 743 2780; x_wconf 86' lang='lat' dir='ltr'><strong>indicaretur,</strong></span> <span class='ocrx_word' id='word_1_137' title='bbox 808 2695 988 2762; x_wconf 89' lang='lat' dir='ltr'><strong>nulla</strong></span> <span class='ocrx_word' id='word_1_138' title='bbox 1040 2706 1263 2764; x_wconf 83' lang='lat' dir='ltr'><strong>tamen</strong></span> <span class='ocrx_word' id='word_1_139' title='bbox 1317 2697 1721 2764; x_wconf 75' lang='lat' dir='ltr'><strong>accuratiore</strong></span> <span class='ocrx_word' id='word_1_140' title='bbox 1782 2696 2216 2786; x_wconf 83' lang='lat' dir='ltr'><strong>descriptione</strong></span> <span class='ocrx_word' id='word_1_141' title='bbox 2277 2696 2386 2761; x_wconf 89' lang='lat' dir='ltr'><strong>ad-</strong></span> 
     </span>
     <span class='ocr_line' id='line_1_21' title="bbox 320 2814 2426 2906; baseline -0 -26"><span class='ocrx_word' id='word_1_142' title='bbox 320 2815 511 2901; x_wconf 85' lang='lat' dir='ltr'><strong>jecta,</strong></span> <span class='ocrx_word' id='word_1_143' title='bbox 557 2833 701 2902; x_wconf 79' lang='lat' dir='ltr'><strong>quae</strong></span> <span class='ocrx_word' id='word_1_144' title='bbox 745 2814 934 2900; x_wconf 80' lang='lat' dir='ltr'><strong>huius</strong></span> <span class='ocrx_word' id='word_1_145' title='bbox 978 2815 1303 2901; x_wconf 84' lang='lat' dir='ltr'><strong>passionis</strong></span> <span class='ocrx_word' id='word_1_146' title='bbox 1348 2817 1698 2900; x_wconf 81' lang='lat' dir='ltr'><strong>imaginem</strong></span> <span class='ocrx_word' id='word_1_147' title='bbox 1741 2815 2107 2902; x_wconf 80' lang='lat' dir='ltr'><strong>perficeret.</strong></span> <span class='ocrx_word' id='word_1_148' title='bbox 2419 2899 2426 2906; x_wconf 92' lang='lat'><strong>.</strong></span> 
     </span>
    </p>

    <p class='ocr_par' dir='ltr' id='par_1_9' title="bbox 315 2933 2392 3732">
     <span class='ocr_line' id='line_1_22' title="bbox 492 2933 2387 3022; baseline -0.001 -22"><span class='ocrx_word' id='word_1_149' title='bbox 492 2935 617 3004; x_wconf 77' lang='lat' dir='ltr'><strong>Est</strong></span> <span class='ocrx_word' id='word_1_150' title='bbox 672 2956 833 3002; x_wconf 81' lang='lat' dir='ltr'><strong>vero</strong></span> <span class='ocrx_word' id='word_1_151' title='bbox 877 2935 1019 3000; x_wconf 82' lang='lat' dir='ltr'><strong>haec</strong></span> <span class='ocrx_word' id='word_1_152' title='bbox 1069 2936 1289 3022; x_wconf 82' lang='lat' dir='ltr'><strong>passio</strong></span> <span class='ocrx_word' id='word_1_153' title='bbox 1332 2937 1732 3020; x_wconf 82' lang='lat' dir='ltr'><strong>martyrium.</strong></span> <span class='ocrx_word' id='word_1_154' title='bbox 1841 2935 2123 3000; x_wconf 87' lang='lat' dir='ltr'><strong>Disertis</strong></span> <span class='ocrx_word' id='word_1_155' title='bbox 2165 2933 2387 2998; x_wconf 89' lang='lat' dir='ltr'><strong>verbis</strong></span> 
     </span>
     <span class='ocr_line' id='line_1_23' title="bbox 324 3052 2392 3142; baseline 0.002 -24"><span class='ocrx_word' id='word_1_156' title='bbox 324 3055 719 3122; x_wconf 73' lang='lat' dir='ltr'><strong>mentionem</strong></span> <span class='ocrx_word' id='word_1_157' title='bbox 750 3053 906 3122; x_wconf 79' lang='lat' dir='ltr'><strong>facit</strong></span> <span class='ocrx_word' id='word_1_158' title='bbox 927 3055 1281 3142; x_wconf 85' lang='lat' dir='ltr'><strong>Apostolus</strong></span> <span class='ocrx_word' id='word_1_159' title='bbox 1315 3058 1424 3140; x_wconf 72' lang='grc' dir='ltr'><strong>ωὕ</strong></span> <span class='ocrx_word' id='word_1_160' title='bbox 1449 3052 1963 3141; x_wconf 71' lang='grc' dir='ltr'><strong><em>μαρτυρῆσαντος</em></strong></span> <span class='ocrx_word' id='word_1_161' title='bbox 1986 3053 2091 3119; x_wconf 67' lang='grc' dir='ltr'><strong>ἐπὶ</strong></span> <span class='ocrx_word' id='word_1_162' title='bbox 2114 3058 2392 3124; x_wconf 69' lang='grc' dir='ltr'><strong>Ποντίου</strong></span> 
     </span>
     <span class='ocr_line' id='line_1_24' title="bbox 325 3169 2384 3262; baseline -0.003 -23"><span class='ocrx_word' id='word_1_163' title='bbox 325 3175 614 3242; x_wconf 79' lang='grc' dir='ltr'><em>Πιλάτου</em></span> <span class='ocrx_word' id='word_1_164' title='bbox 655 3173 767 3259; x_wconf 69' lang='grc' dir='ltr'><strong>τὴν</strong></span> <span class='ocrx_word' id='word_1_165' title='bbox 810 3174 1015 3262; x_wconf 73' lang='grc' dir='ltr'><em>καλὴν</em></span> <span class='ocrx_word' id='word_1_166' title='bbox 1056 3172 1414 3259; x_wconf 68' lang='grc' dir='ltr'><em>ὁμολογίαν</em></span> <span class='ocrx_word' id='word_1_167' title='bbox 1466 3173 1530 3259; x_wconf 89' lang='lat' dir='ltr'><strong>(l</strong></span> <span class='ocrx_word' id='word_1_168' title='bbox 1582 3172 1749 3238; x_wconf 87' lang='lat' dir='ltr'><strong>Tim.</strong></span> <span class='ocrx_word' id='word_1_169' title='bbox 1796 3173 1855 3255; x_wconf 88' lang='grc'><strong>6,</strong></span> <span class='ocrx_word' id='word_1_170' title='bbox 1903 3172 2000 3236; x_wconf 85' lang='lat'><strong>13.</strong></span> <span class='ocrx_word' id='word_1_171' title='bbox 2048 3170 2194 3236; x_wconf 84' lang='lat' dir='ltr'><strong>coll.</strong></span> <span class='ocrx_word' id='word_1_172' title='bbox 2237 3169 2384 3235; x_wconf 85' lang='lat' dir='ltr'><strong>Joh.</strong></span> 
     </span>
     <span class='ocr_line' id='line_1_25' title="bbox 332 3288 2385 3379; baseline 0.001 -25"><span class='ocrx_word' id='word_1_173' title='bbox 332 3289 433 3374; x_wconf 88' lang='lat'><strong>18,</strong></span> <span class='ocrx_word' id='word_1_174' title='bbox 452 3289 586 3375; x_wconf 80' lang='lat'><strong>37).</strong></span> <span class='ocrx_word' id='word_1_175' title='bbox 636 3290 812 3371; x_wconf 80' lang='lat' dir='ltr'><strong>Quot</strong></span> <span class='ocrx_word' id='word_1_176' title='bbox 846 3301 911 3357; x_wconf 87' lang='lat' dir='ltr'><strong>et</strong></span> <span class='ocrx_word' id='word_1_177' title='bbox 947 3302 1192 3379; x_wconf 78' lang='lat' dir='ltr'><strong>quanta</strong></span> <span class='ocrx_word' id='word_1_178' title='bbox 1228 3292 1632 3379; x_wconf 84' lang='lat' dir='ltr'><strong>paucissimis</strong></span> <span class='ocrx_word' id='word_1_179' title='bbox 1669 3291 1768 3358; x_wconf 88' lang='lat' dir='ltr'><strong>his</strong></span> <span class='ocrx_word' id='word_1_180' title='bbox 1792 3288 2016 3358; x_wconf 79' lang='lat' dir='ltr'><strong>verbis</strong></span> <span class='ocrx_word' id='word_1_181' title='bbox 2047 3288 2385 3375; x_wconf 81' lang='lat' dir='ltr'><strong>amplexus</strong></span> 
     </span>
     <span class='ocr_line' id='line_1_26' title="bbox 318 3409 2385 3498; baseline -0 -25"><span class='ocrx_word' id='word_1_182' title='bbox 318 3410 403 3474; x_wconf 86' lang='lat' dir='ltr'><strong>sit</strong></span> <span class='ocrx_word' id='word_1_183' title='bbox 445 3409 705 3495; x_wconf 87' lang='lat' dir='ltr'><strong>Paulus,</strong></span> <span class='ocrx_word' id='word_1_184' title='bbox 753 3409 946 3477; x_wconf 88' lang='lat' dir='ltr'><strong>docet</strong></span> <span class='ocrx_word' id='word_1_185' title='bbox 993 3432 1113 3476; x_wconf 88' lang='lat' dir='ltr'><strong>nos</strong></span> <span class='ocrx_word' id='word_1_186' title='bbox 1161 3411 1707 3498; x_wconf 81' lang='lat' dir='ltr'><strong>evangelistarum</strong></span> <span class='ocrx_word' id='word_1_187' title='bbox 1749 3410 2109 3474; x_wconf 86' lang='lat' dir='ltr'><strong>enarratio:</strong></span> <span class='ocrx_word' id='word_1_188' title='bbox 2168 3418 2385 3476; x_wconf 84' lang='lat' dir='ltr'><strong>tamen</strong></span> 
     </span>
     <span class='ocr_line' id='line_1_27' title="bbox 316 3526 2389 3614; baseline -0 -23"><span class='ocrx_word' id='word_1_189' title='bbox 316 3549 448 3594; x_wconf 90' lang='lat' dir='ltr'><strong>non</strong></span> <span class='ocrx_word' id='word_1_190' title='bbox 496 3531 753 3595; x_wconf 90' lang='lat' dir='ltr'><strong>omnino</strong></span> <span class='ocrx_word' id='word_1_191' title='bbox 819 3539 994 3594; x_wconf 84' lang='lat' dir='ltr'><strong>tacet</strong></span> <span class='ocrx_word' id='word_1_192' title='bbox 1036 3529 1297 3595; x_wconf 81' lang='lat' dir='ltr'><strong>traditio</strong></span> <span class='ocrx_word' id='word_1_193' title='bbox 1342 3529 1644 3614; x_wconf 88' lang='lat' dir='ltr'><strong>Paulina,</strong></span> <span class='ocrx_word' id='word_1_194' title='bbox 1713 3526 1831 3593; x_wconf 91' lang='lat' dir='ltr'><strong>sed</strong></span> <span class='ocrx_word' id='word_1_195' title='bbox 1887 3527 2185 3612; x_wconf 87' lang='lat' dir='ltr'><strong>indigitat</strong></span> <span class='ocrx_word' id='word_1_196' title='bbox 2242 3548 2389 3611; x_wconf 86' lang='lat' dir='ltr'><strong>gra-</strong></span> 
     </span>
     <span class='ocr_line' id='line_1_28' title="bbox 315 3646 1678 3732; baseline -0.002 -18"><span class='ocrx_word' id='word_1_197' title='bbox 315 3649 586 3714; x_wconf 85' lang='lat' dir='ltr'><strong>vissima</strong></span> <span class='ocrx_word' id='word_1_198' title='bbox 627 3646 815 3732; x_wconf 89' lang='lat' dir='ltr'><strong>hujus</strong></span> <span class='ocrx_word' id='word_1_199' title='bbox 862 3648 1286 3713; x_wconf 89' lang='lat' dir='ltr'><strong>enarrationis</strong></span> <span class='ocrx_word' id='word_1_200' title='bbox 1330 3657 1678 3713; x_wconf 90' lang='lat' dir='ltr'><strong>momenta.</strong></span> 
     </span>
    </p>

    <p class='ocr_par' dir='ltr' id='par_1_10' title="bbox 316 3759 2387 4209">
     <span class='ocr_line' id='line_1_29' title="bbox 488 3759 2386 3852; baseline -0.002 -23"><span class='ocrx_word' id='word_1_201' title='bbox 488 3766 775 3829; x_wconf 85' lang='lat' dir='ltr'><strong>Primum</strong></span> <span class='ocrx_word' id='word_1_202' title='bbox 822 3765 998 3850; x_wconf 85' lang='lat' dir='ltr'><strong>quod</strong></span> <span class='ocrx_word' id='word_1_203' title='bbox 1041 3775 1297 3852; x_wconf 88' lang='lat' dir='ltr'><strong>tempus</strong></span> <span class='ocrx_word' id='word_1_204' title='bbox 1339 3767 1585 3850; x_wconf 83' lang='lat' dir='ltr'><strong>attinet,</strong></span> <span class='ocrx_word' id='word_1_205' title='bbox 1629 3785 1762 3830; x_wconf 88' lang='lat' dir='ltr'><strong>nou</strong></span> <span class='ocrx_word' id='word_1_206' title='bbox 1808 3765 2162 3831; x_wconf 85' lang='lat' dir='ltr'><strong>subsistere</strong></span> <span class='ocrx_word' id='word_1_207' title='bbox 2206 3759 2386 3828; x_wconf 84' lang='lat' dir='ltr'><strong>vide-</strong></span> 
     </span>
     <span class='ocr_line' id='line_1_30' title="bbox 316 3881 2387 3971; baseline -0.002 -20"><span class='ocrx_word' id='word_1_208' title='bbox 316 3891 421 3951; x_wconf 83' lang='lat' dir='ltr'><strong>tur</strong></span> <span class='ocrx_word' id='word_1_209' title='bbox 462 3886 527 3949; x_wconf 91' lang='lat' dir='ltr'><strong>in</strong></span> <span class='ocrx_word' id='word_1_210' title='bbox 575 3905 674 3968; x_wconf 92' lang='lat' dir='ltr'><strong>eo,</strong></span> <span class='ocrx_word' id='word_1_211' title='bbox 723 3882 898 3969; x_wconf 86' lang='lat' dir='ltr'><strong>quod</strong></span> <span class='ocrx_word' id='word_1_212' title='bbox 942 3881 1135 3947; x_wconf 86' lang='lat' dir='ltr'><strong>Pilati</strong></span> <span class='ocrx_word' id='word_1_213' title='bbox 1177 3886 1571 3950; x_wconf 89' lang='lat' dir='ltr'><strong>mentionem</strong></span> <span class='ocrx_word' id='word_1_214' title='bbox 1615 3885 1800 3949; x_wconf 83' lang='lat' dir='ltr'><strong>facit:</strong></span> <span class='ocrx_word' id='word_1_215' title='bbox 1865 3883 2186 3971; x_wconf 90' lang='lat' dir='ltr'><strong>passionis</strong></span> <span class='ocrx_word' id='word_1_216' title='bbox 2230 3890 2387 3948; x_wconf 83' lang='lat' dir='ltr'><strong>tem·</strong></span> 
     </span>
     <span class='ocr_line' id='line_1_31' title="bbox 317 4001 2387 4092; baseline -0.002 -23"><span class='ocrx_word' id='word_1_217' title='bbox 317 4027 439 4092; x_wconf 89' lang='lat' dir='ltr'><strong>pus</strong></span> <span class='ocrx_word' id='word_1_218' title='bbox 486 4003 850 4068; x_wconf 89' lang='lat' dir='ltr'><strong>accuratius</strong></span> <span class='ocrx_word' id='word_1_219' title='bbox 911 4001 1282 4068; x_wconf 83' lang='lat' dir='ltr'><strong>definivisse</strong></span> <span class='ocrx_word' id='word_1_220' title='bbox 1327 4003 1614 4088; x_wconf 81' lang='lat' dir='ltr'><strong>videtur,</strong></span> <span class='ocrx_word' id='word_1_221' title='bbox 1681 4001 1882 4089; x_wconf 60' lang='lat' dir='ltr'><strong>quod⁴</strong></span> <span class='ocrx_word' id='word_1_222' title='bbox 1905 4001 2232 4065; x_wconf 83' lang='lat' dir='ltr'><strong>Christum</strong></span> <span class='ocrx_word' id='word_1_223' title='bbox 2275 4003 2387 4065; x_wconf 88' lang='lat' dir='ltr'><strong>im-</strong></span> 
     </span>
     <span class='ocr_line' id='line_1_32' title="bbox 318 4099 2386 4209; baseline -0.002 -21"><span class='ocrx_word' id='word_1_224' title='bbox 318 4123 625 4188; x_wconf 90' lang='lat' dir='ltr'><strong>molatum</strong></span> <span class='ocrx_word' id='word_1_225' title='bbox 681 4125 749 4191; x_wconf 79' lang='grc' dir='ltr'>τὸ</span> <span class='ocrx_word' id='word_1_226' title='bbox 807 4125 1027 4208; x_wconf 76' lang='grc' dir='ltr'><em>πάσχα</em></span> <span class='ocrx_word' id='word_1_227' title='bbox 1083 4119 1262 4209; x_wconf 71' lang='grc' dir='ltr'><strong>ἡμῶν</strong></span> <span class='ocrx_word' id='word_1_228' title='bbox 1317 4130 1509 4186; x_wconf 82' lang='lat' dir='ltr'><strong>vocat</strong></span> <span class='ocrx_word' id='word_1_229' title='bbox 1578 4120 1642 4206; x_wconf 88' lang='lat'><strong>(1</strong></span> <span class='ocrx_word' id='word_1_230' title='bbox 1693 4121 1846 4185; x_wconf 78' lang='lat' dir='ltr'><strong>Cor.</strong></span> <span class='ocrx_word' id='word_1_231' title='bbox 1902 4122 1973 4204; x_wconf 78' lang='grc' dir='ltr'><strong>ὃ,</strong></span> <span class='ocrx_word' id='word_1_232' title='bbox 2032 4122 2119 4206; x_wconf 82' lang='grc'><strong>7).</strong></span> <span class='ocrx_word' id='word_1_233' title='bbox 2238 4099 2386 4185; x_wconf 85' lang='lat' dir='ltr'><strong>Non</strong></span> 
     </span>
    </p>
   </div>
  </div>
 </body>
</html>
