3034 4759
1402 336 1487 401 25

411 537 594 622 duos,
641 560 772 606 non
814 547 948 604 tam
991 537 1074 604 ab
1098 536 1434 625 Apostolis
1482 537 1810 626 distingui,
1857 561 2050 627 quam
2096 538 2283 606 simul
2330 563 2477 606 cum

405 657 602 721 Petro
647 656 915 743 reliquis
959 658 1292 745 Apostolis
1336 658 1630 746 praeponi
1642 657 1717 743 ¹).

578 775 875 861 Longum
923 785 1126 859 esset,
1186 776 1292 841 hie
1333 776 1551 842 multis
1597 776 1958 864 explicare,
2015 776 2341 864 quomodo
2385 778 2477 844 in-
2517 843 2522 848 ,

405 903 725 980 terpretes
746 893 790 959 J
793 895 981 960 aeobi
1013 894 1268 982 Alphaei
1312 905 1378 961 et
1406 896 1449 961 J
1452 894 1661 979 acobi,
1704 895 1972 960 Domini
2013 895 2248 979 fratris,
2293 893 2471 960 iden·

403 1015 653 1080 titatem
691 1014 995 1079 evincere
1039 1016 1255 1080 conati
1290 1015 1434 1079 sint.
1521 1010 1730 1079 Nobis
1763 1036 1897 1079 non
1931 1013 2193 1101 placent
2224 1012 2325 1078 hae
2366 1013 2484 1100 hy-

404 1132 740 1219 potheses:
789 1141 940 1198 sunt
963 1131 1176 1198 dubiae
1222 1133 1797 1219 argumentationis
1809 1132 1864 1218 ⁹)
1878 1183 1895 1217 ,
1943 1142 2029 1218 et,
2072 1141 2143 1198 ut
2165 1132 2293 1198 alia
2313 1155 2475 1217 prse-

405 1263 750 1335 tereamus,
795 1252 942 1317 Aet.
995 1254 1049 1336 l,
1097 1253 1196 1318 13.
1248 1251 1345 1316 14.
1395 1250 1546 1317 Joh.
1584 1250 1641 1334 7,
1684 1250 1729 1317 5
1775 1251 2113 1318 obstacula
2155 1229 2477 1337 videntur,

409 1393 552 1458 quae
595 1393 727 1435 non
769 1369 961 1436 facile
1009 1380 1453 1437 amoveantur.
1543 1369 1751 1436 Nobis
1796 1371 1993 1458 igitur
2033 1369 2323 1437 Jacobus
2366 1370 2478 1436 Al·

404 1488 574 1578 phaei
620 1511 752 1555 non
796 1499 897 1555 est
929 1492 1194 1555 Domini
1234 1490 1525 1575 fruel-⁸).
1616 1490 1815 1571 Quod
1858 1491 2088 1556 attinet
2130 1489 2217 1555 ad
2259 1488 2474 1555 locum

404 1610 749 1676 Paulinum
771 1613 860 1693 ‘in
904 1610 1181 1697 epistola
1223 1610 1309 1675 ad
1355 1609 1501 1675 Gal.
1554 1610 1609 1695 1,
1661 1610 1756 1694 19,
1813 1610 2153 1674 statuimus
2167 1609 2254 1695 4),
2320 1607 2477 1673 nihil

409 1732 470 1796 ei
512 1732 759 1816 inesse,
819 1728 996 1815 quod
1038 1751 1159 1794 nos
1205 1738 1428 1815 cogat,
1472 1728 1830 1812 Jacobum,
1884 1729 2150 1793 Domini
2191 1727 2477 1809 fratrem,

405 1850 738 1937 Apostolis
777 1869 1225 1915 annumerare.
1317 1849 1465 1931 Quo
1493 1869 1830 1932 concesso,
1875 1847 2346 1930 contendimus,
2392 1845 2476 1910 de

407 1969 641 2034 eodem
684 1968 970 2050 JacobO,
1013 1968 1280 2032 Domini
1323 1968 1544 2052 fratre,
1591 1990 1959 2033 sermonem
2017 1989 2162 2033 esse
2223 1966 2288 2031 in
2332 1964 2480 2030 reli·

408 2088 551 2174 quis
587 2087 749 2152 loeis
784 2085 1088 2169 Paulinis,
1131 2086 1429 2151 nimirum
1471 2086 1618 2152 Gal.
1641 2088 1703 2171 2,
1738 2086 1799 2151 9.
1836 2088 1933 2152 12.
1976 2089 2007 2151 1
2040 2087 2194 2152 Cor.
2224 2085 2324 2170 15,
2350 2083 2478 2169 7⁵).

406 2207 616 2271 Deest
647 2204 888 2292 ubique
924 2204 1287 2278 aecuratior
1317 2204 1556 2272 Jacobi
1591 2205 1960 2292 descriptio,
2006 2216 2072 2271 et
2094 2207 2233 2291 jam
2279 2227 2365 2269 ex
2401 2225 2481 2269 eo

408 2326 594 2412 sequi
645 2324 932 2407 videtur‘,
995 2322 1477 2410 praeferendum
1536 2345 1715 2409 esse,
1790 2323 1872 2389 de
1926 2346 2055 2390 uno
2112 2323 2477 2411 eodemque

458 2658 510 2725 ¹)
540 2656 733 2714 Contra
759 2661 872 2714 aliis
901 2660 1305 2729 (olshausen
1333 2661 1401 2715 ad
1427 2660 1475 2713 h.
1503 2662 1538 2715 l.
1557 2700 1575 2728 ,
1620 2663 1899 2716 Strausz
1926 2663 1976 2717 d.
2006 2662 2182 2717 Leben
2208 2664 2351 2728 Jesu,
2382 2664 2479 2717 ist.

540 2745 634 2799 Bd.
657 2764 707 2813 p.
733 2746 830 2800 189
848 2748 976 2813 ἀο.)
1003 2747 1186 2800 eodem
1215 2748 1332 2800 loco
1363 2747 1689 2814 comprobari
1717 2748 1940 2815 videtur,
1970 2749 2159 2803 fratres
2177 2748 2384 2801 Domini
2414 2748 2480 2801 ad

544 2833 906 2900 Apostolorum
935 2832 1167 2885 ordinem
1195 2848 1524 2904 nequaquam
1550 2835 1827 2902 pertinere.

455 2929 510 2998 ⁹)
540 2933 645 2987 cfr.
685 2936 761 2987 de
799 2936 1018 2987 Wette
1057 2936 1189 2989 Einl.
1226 2940 1277 2989 in
1316 2936 1366 2988 d.
1396 2936 1519 2988 kan.
1551 2937 1756 2990 Bucher
1791 2937 1841 2990 d.
1872 2938 1934 2991 N.
1963 2936 2187 2991 Teutam.
2230 2938 2317 2989 4oe
2345 2934 2477 2988 Aufl.

543 3022 581 3084 §
612 3022 723 3074 167.

453 3121 508 3187 ³)
545 3124 631 3176 Sic
660 3139 894 3194 quoque,
924 3131 981 3175 ut
1007 3124 1140 3177 alnos
1170 3131 1418 3187 taceam,
1441 3121 1630 3176 Rich.
1663 3123 1828 3176 Roth
1852 3143 1876 3175 [ε
1908 3127 2177 3191 [Αῃῐξηὲῡ
2209 3127 2257 3175 d.
2285 3127 2477 3175 christi.

546 3208 731 3260 Kirche
759 3225 808 3260 u.
838 3209 934 3261 ihr.
964 3209 1192 3262 Verfass.
1223 3208 1312 3262 Bd.
1343 3209 1388 3261 1.
1419 3225 1470 3277 p.
1498 3209 1660 3276 264),
1710 3206 1812 3261 δἐι·
1832 3227 1856 3259 ει
1880 3227 1992 3263 ns:
2021 3211 2100 3275 [d.
2133 3211 2305 3263 heht-n
2337 3211 2477 3275 Jflsu,

546 3291 636 3344 Bd.
670 3293 715 3344 1.
743 3310 793 3361 p.
823 3295 980 3359 180),
1019 3293 1398 3347 Olshausen
1426 3293 1519 3355 (ad
1548 3294 1574 3345 1
1608 3292 1725 3347 Cor.
1750 3294 1800 3359 9,
1832 3295 1860 3347 5
1892 3295 1996 3355 aL).

451 3392 508 3461 ⁴)
549 3395 654 3448 Cfr.
692 3395 1039 3449 Fritzsche
1081 3404 1358 3449 comment.
1396 3395 1653 3471 in-Mntth.
1687 3412 1736 3464 p.
1764 3399 1880 3447 432.
1944 3399 2169 3447 winsi·
2213 3415 2393 3447 comm.
2429 3399 2477 3447 in

544 3484 690 3550 epist.
724 3484 789 3535 ad
821 3483 932 3535 Gal.
959 3481 1081 3534 edit.
1114 3490 1226 3534 lert.
1253 3499 1303 3548 p.
1333 3482 1417 3533 51.
1471 3482 1772 3547 Strausz,
1804 3483 1852 3535 d.
1888 3483 2060 3535 heheu
2088 3483 2233 3543 jesu..
2265 3483 2361 3531 ist.
2393 3483 2477 3531 Ed.

544 3584 594 3633 p.
625 3567 739 3619 189.
816 3567 1170 3632 Wieseler,
1209 3566 1386 3620 Theol.
1415 3567 1559 3621 Stud.
1589 3584 1638 3618 u.
1670 3567 1896 3619 Kritiknn
1936 3571 2080 3632 1542,
2116 3571 2206 3619 ist..
2235 3567 2287 3615 Η.
2325 3583 2369 3632 p.
2393 3567 2473 3619 212.

546 3650 947 3716 OIshausen‚
985 3653 1117 3707 Bibl.
1146 3652 1495 3713 commentar,
1525 3652 1597 3704 4t.
1628 3653 1717 3704 Bd.
1745 3669 1794 3721 p.
1824 3651 1909 3706 32.

457 3750 510 3819 ⁵)
553 3753 780 3806 Traditio
813 3756 1171 3807 ecclesiastica
1209 3755 1350 3807 hunc
1377 3754 1552 3806 locum
1579 3755 1645 3806 de
1674 3754 1833 3807 fratre
1860 3754 2064 3807 Domini
2093 3755 2479 3824 interpretatur.

545 3837 723 3904 Cyn-ill.
759 3839 1105 3905 Hierosolym.
1144 3840 1346 3893 catech.
1375 3839 1456 3891 14.
1489 3855 1535 3891 c.
1557 3840 1640 3893 21.
1676 3839 1864 3907 p.216.
1892 3839 1975 3891 ed.
2000 3838 2241 3893 Touttee.
2308 3833 2479 3905 Chry-

544 3931 756 3977 sostom.
779 3924 917 3976 hom.
939 3924 1006 3975 38
1026 3926 1078 3976 in
1098 3940 1179 3991 ep.
1205 3926 1227 3977 1
1253 3924 1319 3979 ad
1343 3923 1462 3978 Cor.
1485 3942 1535 3996 p.
1549 3923 1665 3977 355.
1688 3932 1811 3978 tom.
1836 3923 1917 3976 10.
1939 3922 2022 3977 ed.
2047 3922 2223 3977 Montf.
2272 3922 2482 3980 Hieron.

545 4009 594 4066 d.
622 4011 715 4068 vir.
745 4007 898 4061 illust.
931 4023 1044 4077 cap.
1071 4008 1120 4065 2.

2947 4126 3025 4237 ἸΧ
