3034 4759
1413 348 1497 424 29

414 558 860 646 impugnanda
925 560 1118 624 crisin
1183 559 1739 645 Strauszianam1)
1807 560 2001 624 etiam
2078 579 2264 624 usam
2342 580 2490 624 esse·

421 678 711 765 epistolis
750 678 1166 765 Apostolicis.
1235 678 1467 766 Neque
1513 678 1598 743 ab
1646 701 1726 743 ea
1770 689 1912 744 erat
1955 676 2491 764 exspectandum,

416 796 579 882 fore,
624 807 696 863 ut
727 797 1100 883 negligeret
1133 796 1309 862 illam
1346 795 1922 884 argumentationis
1948 798 2253 883 speciem,
2299 818 2491 883 quam

419 914 543 980 sibi
588 916 852 981 offerret
896 916 1315 1004 epistolarum
1361 917 1681 982 silentium
1731 916 1814 982 de
1860 913 2134 1002 singulis
2180 916 2259 980 iis
2303 916 2491 979 mira·

420 1033 610 1119 culis,
668 1055 812 1121 quae
858 1015 940 1100 ab
987 1033 1410 1122 evangelistis
1452 1035 1843 1102 referantur.
1931 1035 2079 1101 Hoc
2125 1035 2299 1099 enim
2339 1055 2492 1099 con-

420 1150 819 1238 cedendum,
875 1154 942 1248 in
997 1155 1289 1240 epistolis
1336 1156 1469 1219 suis
1531 1154 1805 1220 Paulum
1846 1152 2235 1241 Apostolum
2275 1192 2363 1203 ——
2401 1154 2490 1218 dc

424 1293 552 1358 quo
611 1271 750 1337 solo
809 1271 998 1338 nobis
1055 1283 1155 1338 est
1211 1294 1425 1339 sermo
1469 1310 1555 1322 —-
1597 1273 1839 1340 nullam
1881 1273 2108 1342 eorum
2159 1274 2491 1361 expressis

419 1389 641 1457 verbis
664 1390 904 1456 -facere
948 1393 1374 1477 mentionem,
1431 1392 1715 1480 ideoque
1770 1400 2065 1458 nostrum
2123 1413 2268 1458 esse
2311 1390 2490 1457 vide-

416 1518 552 1594 tur,
599 1530 727 1597 quo
770 1510 966 1575 modo
1012 1510 1081 1575 id
1121 1511 1267 1576 fieri
1320 1513 1636 1599 potuerit,
1691 1512 1916 1598 paucis
1977 1509 2357 1597 ostendere,
2403 1534 2486 1575 ne

420 1627 965 1713 evangelistarum
1008 1624 1306 1695 relationi
1351 1630 1690 1697 adversari
1735 1631 2139 1696 existimetur
2169 1628 2357 1695 Pauli
2403 1630 2485 1694 de

421 1745 676 1812 Christo
719 1750 1175 1814 testimonium.

585 1865 661 1931 Id
704 1867 901 1951 igitur
943 1871 1218 1956 primum
1261 1868 1637 1953 videamus,
1693 1890 1849 1934 num
1890 1868 2274 1935 testimoniis
2322 1868 2487 1933 Pau-

416 1983 561 2049 linis
605 2006 764 2049 vere
807 1986 1032 2070 insint,
1100 2009 1243 2073 quae
1295 1987 1378 2051 ab
1423 1987 1693 2051 historia
1739 1987 1982 2052 Christi
2023 1986 2335 2052 miracula
2378 2009 2489 2051 ex-

418 2101 698 2186 cludant,
745 2124 827 2167 an
874 2104 1068 2168 etiam
1110 2104 1300 2170 Pauli
1342 2106 1727 2171 testimoniis
1772 2106 1841 2170 id
1883 2106 2099 2192 potius
2152 2104 2485 2189 efficiatur,

418 2220 505 2285 ad
549 2242 693 2287 eam
738 2223 1066 2308 pertinere
1111 2224 1566 2289 miraculorum
1619 2224 2052 2289 traditionem.
2141 2224 2290 2290 Utri
2347 2244 2490 2287 sen-

415 2342 634 2406 tentiae
679 2362 720 2404 a
759 2338 950 2406 nobis
996 2342 1078 2407 sit
1121 2336 1624 2427 assentiendum,
1662 2345 1803 2430 jam
1849 2365 1938 2408 ex
1982 2363 2061 2407 eo
2104 2378 2188 2390 —-
2232 2342 2288 2405 si
2331 2339 2490 2428 quid

416 2460 713 2527 videmus
769 2498 852 2509 -
907 2462 1199 2547 sequitur
1215 2510 1232 2545 ,
1301 2461 1478 2548 quod
1547 2462 2049 2527 evidentissimis
2104 2459 2488 2526 testimoniis

415 2581 617 2667 ipsius
644 2577 945 2666 Apostoli
990 2587 1178 2644 extra
1222 2600 1480 2643 omnem
1526 2579 1999 2645 dubitationem
2042 2581 2325 2666 positum
2368 2586 2489 2661 est,

415 2698 728 2765 miracula
772 2696 855 2763 ab
903 2719 981 2762 eo
1026 2697 1289 2762 minime
1336 2695 1598 2762 excludi
1647 2720 1690 2762 a
1734 2700 1833 2763 sui
1880 2699 2224 2786 temporis,
2282 2718 2323 2760 a
2363 2697 2490 2782 pri-

415 2837 639 2883 maevae
685 2817 979 2884 ecclesiae
1024 2816 1324 2882 historia:
1382 2818 1578 2902 immo
1625 2839 1759 2883 suae
1803 2819 2005 2904 ipsius
2052 2816 2337 2881 historiae
2377 2815 2500 2878 mi·-v

416 2936 640 3002 racula
680 2936 986 3002 vindicat.
1074 2936 1518 3002 Provocamus
1564 2936 1688 3022 hic,
1737 2945 1810 3001 ut
1854 2935 2053 3001 dubia
2097 2935 2189 3021 (v.
2235 2958 2291 2999 c.
2338 2931 2485 2999 Gal.

415 3056 481 3140 3,
517 3056 589 3142 4)
637 3057 1028 3139 omittantur,
1075 3054 1159 3119 ad
1208 3055 1235 3118 1
1292 3050 1445 3120 C'or.
1495 3056 1593 3140 12,
1638 3056 1698 3120 9.
1749 3056 1858 3120 10:
1918 3054 2098 3143 ἄλλῳ
2141 3055 2216 3121 δε
2269 3053 2491 3132 (δίδο-

413 3177 554 3253 ται)
597 3182 958 3260 χαρίσματα
1003 3171 1296 3260 ἷαμάτων
1339 3175 1484 3261 (cfr.
1531 3200 1595 3241 v.
1643 3173 1776 3260 30),
1822 3174 1895 3241 ἐν
1936 3180 2028 3265 τῷ
2070 3170 2240 3264 αὐτῷ
2280 3172 2483 3240 πνεύ-
2563 3209 2569 3214 ·

409 3310 587 3378 pavo·
663 3294 842 3381 ἄλλῳ
907 3294 980 3359 δε
1044 3293 1440 3381 ἐνεργήματα
1505 3294 1844 3379 δυνάμεων
1899 3293 2043 3376 (cfr.
2101 3314 2164 3357 v.
2226 3290 2339 3376 28)
2404 3325 2490 3341 —-—-

414 3410 639 3496 verba,
686 3433 830 3499 quae
875 3410 1064 3475 nobis
1110 3405 1489 3478 describunt
1524 3411 1819 3477 ecclesiae
1854 3410 2295 3475 conditionem
2338 3430 2489 3473 con-

415 3540 728 3615 gruenter
770 3532 868 3614 iis,
917 3552 1061 3616 quae
1106 3527 1408 3615 leguntur
1451 3529 1613 3594 Ebr.
1645 3531 1706 3613 2,
1742 3530 1818 3593 4:
1864 3534 2489 3615 συνεπιμαρτυροῦν-

414 3673 519 3728 τος
562 3655 672 3720 τοῦ
716 3658 882 3722 θεοῦ
924 3656 1201 3738 σημείοις
1245 3674 1309 3717 τε
1354 3655 1462 3715 καὶ
1505 3655 1722 3733 τέρασι
1767 3654 1876 3715 καὶ
1916 3652 2244 3727 ποικίλαις
2286 3646 2492 3715 δυνά-

461 3967 510 4032 1)
553 3967 660 4024 Csr.
704 3967 836 4021 Chr.
880 3971 937 4024 Η.
981 3927 1268 4037 Weisze,
1314 3972 1366 4027 d.
1398 3970 1848 4039 geschichtlichcn-
1869 3971 2357 4036 Voraussetzungen
2398 3968 2490 4020 der

547 4054 939 4108 Strauszischen
988 4055 1414 4111 Glnubenslchre.
1500 4054 1764 4124 lllgeu's
1805 4054 2105 4138 zeitschrift
2137 4055 2179 4142 f.
2203 4055 2266 4141 ,d‘
2308 4054 2486 4105 histor.

548 4139 849 4208 Theologie.
907 4141 1057 4198 1842.
1132 4140 1201 4194 3⁸.
1229 4141 1289 4195 fl.
1330 4158 1376 4210 p.
1413 4140 1527 4193 138.
2005 4167 2010 4172 ·
2275 4143 2280 4152 ⁴
