3034 4759
1622 333 1710 401 20

631 546 737 611 lus
777 564 855 610 eo
899 561 1108 629 usque
1153 538 1549 622 extendere,
1612 544 1686 602 ut
1729 534 2058 600 Christum
2099 542 2303 621 ponat
2347 532 2420 601 ἐν
2461 528 2709 619 ὅμοιοί-

630 690 785 750 pom
828 660 1060 748 σαρκὸς
1102 659 1422 747 ἆμαρτίας
1465 657 1682 743 (Rom.
1728 654 1789 739 8,
1812 651 1875 719 3.
1921 652 2070 719 coll.
2117 652 2276 718 Ebr.
2302 653 2365 738 5,
2399 654 2472 718 2:
2518 651 2711 731 αιῗτὸς

632 787 985 867 περίκειται
1019 777 1430 862 ἄσθένειαν).
1521 775 1686 856 Ques
1721 772 1989 861 quidem
2022 771 2230 838 verba
2260 793 2382 859 per
2416 794 2488 837 se
2523 791 2709 858 spec-

631 909 785 984 tata,
832 863 1044 964 dubiis
1068 904 1288 963 essent
1309 893 1894 981 interpretationis:
1942 901 2011 957 at
2050 914 2136 956 ex
2172 889 2478 977 analogia
2508 891 2710 979 scrip-

631 1028 794 1085 turae
835 1039 969 1082 non
1011 1015 1285 1101 intelligi
1319 1022 1612 1101 possunt,
1646 993 1773 1076 nisi
1810 1009 1893 1076 de
1929 1009 2342 1077 similitudine
2374 1011 2526 1075 vitae
2562 1009 2711 1096 ejus

631 1136 929 1202 humanae
973 1158 1118 1201 cum
1160 1135 1296 1200 vita
1334 1132 1668 1198 hominum
1710 1131 1779 1195 in
1821 1131 2216 1214 universum,
2259 1130 2397 1195 vita
2440 1130 2708 1214 generis

629 1256 893 1322 humani
933 1276 1054 1340 per
1098 1252 1422 1339 ἁμαρτίαν
1465 1250 1838 1337 depravati,
1897 1249 1990 1316 ita
2019 1257 2251 1314 -tamen
2293 1258 2365 1314 ut
2405 1270 2538 1314 non
2579 1250 2710 1313 nisi

635 1372 982 1439 similitudo
1008 1372 1381 1454 affirmetur,
1427 1368 1609 1435 dubii
1644 1367 1944 1452 ambitus,
1987 1367 2248 1432 minime
2285 1376 2501 1434 autem
2523 1366 2707 1433 iden-

632 1495 782 1559 titas
823 1491 1120 1557 omnibus
1154 1489 1440 1556 numeris
1472 1486 1806 1572 absoluta,
1847 1509 1992 1574 quse
2027 1486 2135 1553 vel
2158 1485 2506 1552 audaciore
2529 1485 2711 1573 Apo-

634 1611 783 1678 stoli
824 1609 1028 1676 verbo
1087 1611 1156 1694 (2
1202 1608 1355 1674 Cor.
1398 1607 1460 1692 5,
1506 1608 1620 1672 21:
1693 1605 2024 1694 ἁμαρτίαν
2067 1606 2395 1696 ἐποίησεν)
2452 1605 2705 1693 absque

635 1731 809 1796 omni
853 1728 1049 1795 dubio
1095 1724 1504 1792 excludenda
1553 1735 1672 1791 est.
1762 1726 1933 1808 Nam
1974 1747 2250 1792 necesse
2297 1735 2414 1810 est,
2473 1727 2542 1792 in
2585 1726 2710 1791 hac

631 1872 705 1914 re
772 1848 896 1914 sibi
967 1855 1264 1912 constare
1319 1844 1708 1931 Apostolum
1778 1854 2133 1911 statuamus
2148 1896 2166 1931 ,
2271 1846 2385 1933 qui
2451 1867 2709 1910 omnem

633 1967 950 2055 ἁμαρτίας
994 1965 1427 2051 suspicionem
1470 1984 1512 2027 a
1556 1962 1813 2030 Christo
1852 1973 2209 2048 removeat,
2252 1964 2534 2051 ideoque
2577 1963 2710 2028 illis

630 2085 843 2153 verbis
901 2106 1098 2170 supra
1152 2082 1429 2156 laudatis
1494 2104 1643 2147 eum
1706 2081 1865 2148 nihil
1933 2081 2110 2148 aliud
2169 2081 2537 2168 significare
2594 2104 2712 2147 vo-

632 2204 852 2288 luisse,
899 2225 1092 2291 quam
1137 2210 1433 2269 naturam
1477 2209 1698 2288 atque.
1728 2200 2167 2267 conditionem
2212 2202 2274 2265 ei
2316 2199 2581 2287 quidem
2628 2203 2711 2265 si-

632 2320 979 2405 millimam,
1025 2343 1217 2408 quam
1240 2329 1580 2408 peccatum
1609 2317 2098 2404 deformaverit,
2142 2328 2212 2384 at
2243 2318 2444 2385 nihilo
2478 2319 2713 2403 minus,

630 2438 755 2504 hac
795 2440 941 2526 ipsa
983 2438 1395 2505 similitudine
1439 2461 1572 2504 non
1618 2439 1951 2523 obstante,
1996 2461 2038 2504 a
2078 2447 2352 2525 peccato
2404 2436 2707 2503 alienam.

633 2557 912 2624 Accedit
934 2579 1193 2646 quoque
1217 2558 1304 2624 ad
1338 2558 1505 2624 hanc
1539 2559 2141 2646 interpretationem
2163 2557 2491 2642 tuendam,
2531 2557 2714 2644 quod

632 2676 758 2741 alio
801 2676 949 2742 loco
992 2675 1234 2742 Paulus
1278 2676 1634 2763 Apostolus
1691 2676 1860 2744 hanc
1917 2675 2220 2763 ὁμοίωσιν
2262 2677 2434 2761 sive,
2503 2686 2574 2742 ut
2615 2676 2714 2741 ibi

633 2795 884 2879 scribit,
938 2793 1108 2859 hanc
1152 2801 1413 2864 κένωσιν
1454 2796 1547 2860 ita
1591 2795 1928 2878 describit,
1991 2804 2063 2862 ut
2108 2794 2404 2862 Christus
2451 2794 2711 2885 dicatur

628 2913 887 3001 μορφὴν
929 2914 1160 2983 δούλου
1200 2914 1421 2997 λαβών
1466 2911 1664 2998 (Phil.
1707 2914 1769 2998 2,
1819 2913 1907 2999 Ἰ).
1994 2915 2163 2980 Nam
2207 2915 2400 2980 etiam
2446 2916 2711 2983 δουλεία

634 3030 874 3098 Christi
915 3054 1046 3097 non
1088 3033 1214 3097 nisi
1257 3030 1341 3098 ad
1374 3037 1638 3120 μορφήν
1679 3033 1911 3098 referri
1949 3042 2185 3119 potest,
2230 3054 2427 3120 quum
2469 3054 2711 3118 reapse

632 3149 927 3217 Christus
969 3172 1102 3220 non
1147 3151 1229 3216 sit
1270 3134 1530 3233 δοῦλος,
1588 3151 1709 3216 sed
1749 3151 1885 3230 υἱός
1927 3151 2103 3239 (Joh.
2149 3150 2209 3235 8,
2255 3150 2392 3236 35).
2482 3152 2571 3216 At
2614 3151 2711 3215 in-

633 3266 851 3333 dicare
896 3269 1100 3334 voluit
1121 3267 1500 3354 Apostolus,
1547 3278 1857 3356 quantum
1904 3268 2196 3335 differret
2240 3278 2532 3354 externa,
2575 3278 2709 3333 ter-

628 3388 853 3452 restris
901 3385 1142 3454 Christi
1173 3385 1456 3453 conditio
1502 3409 1545 3452 a
1587 3409 1750 3453 vera
1793 3388 1935 3474 ejus
1968 3397 2200 3454 natura
2218 3439 2235 3473 ,
2301 3410 2342 3453 a
2386 3387 2708 3473 dignitate

633 3506 773 3592 ejus
818 3506 1058 3590 nativa,
1102 3505 1373 3571 coelesti
1417 3504 1668 3572 scilicet
1712 3514 1778 3571 et
1822 3505 2077 3572 divina:
2144 3506 2433 3572 indicare
2477 3505 2710 3590 voluit,

632 3632 937 3710 quantam
983 3623 1360 3706 ἀντιλογίαν
1417 3619 1688 3692 subierit
1732 3634 2028 3691 servator
2044 3675 2061 3710 ,
2132 3647 2328 3714 quum
2371 3625 2709 3690 hominum

630 3762 867 3807 caussa
909 3749 976 3807 et
1017 3741 1345 3808 hominum
1389 3742 1583 3830 eulpa
1625 3743 1817 3810 homo
1864 3744 1945 3809 sit
1986 3743 2217 3810 factus.

796 3860 976 3926 Inest
1019 3862 1214 3948 igitur
1264 3860 1389 3926 illis
1434 3860 1737 3949 Apostoli
1780 3862 2000 3929 verbis
2059 3860 2439 3946 debilitatis,
2507 3862 2712 3948 fragi-

627 3976 841 4062 litatis,
886 3978 1257 4046 humilitatis
1296 3982 1494 4064 notio,
1542 3981 1644 4044 cui
1686 3990 1956 4069 propter
2001 3981 2518 4046 communionem
2554 4004 2712 4047 cum

627 4095 990 4164 hominibus
1036 4097 1491 4183 peccatoribus
1540 4121 1608 4164 se
1658 4120 1918 4185 quoque
1966 4099 2245 4185 subjecit
2286 4099 2455 4165 filius
2501 4099 2713 4166 homi-
